2490 4358
151 197 202 278 er
353 196 604 281 ruorrsru
626 198 721 277 rm.
742 195 920 297 rouo.)
933 184 976 277 r.

147 732 326 939 ‘suxss
360 775 694 907 torturi
746 780 1187 895 ruorrurrr

319 1036 325 1047 .
427 964 920 1046 ELE'GIARUM

283 1105 1022 1195 rrrruousrrou

533 1297 771 1339 ωα-..τη

167 1530 177 1549 '⁴
197 1515 215 1581 1
238 1456 437 1576 Callimachi
451 1506 566 1579 Manes
586 1520 618 1576 et
638 1507 696 1576 cot
715 1532 800 1576 sucre
820 1508 971 1593 Philetus,

53 1643 57 1650 -
274 1597 313 1662 In
333 1610 481 1677 restrum,
503 1618 631 1684 quaeso,
647 1618 701 1661 ms
722 1597 813 1661 sinite
832 1600 878 1661 ire
901 1615 1021 1661 nemus.

233 1685 355 1750 Primus
375 1704 434 1765 ego
454 1683 609 1764 ingredior
628 1704 705 1768 puro
727 1683 870 1746 defunto
892 1680 1036 1747 sacerdos
1162 1754 1168 1764 ,

275 1769 354 1833 Itala
373 1790 428 1857 per
450 1765 559 1832 Graios
580 1771 664 1848 orgia
684 1770 763 1832 ferre
784 1771 905 1834 choros.

212 1854 346 1932 tDicite,
369 1876 430 1938 quo
451 1855 565 1938 pariter
585 1873 710 1917 carmen
729 1855 880 1917 tenuastis
900 1853 934 1915 in
953 1849 1064 1915 anuo?
1091 1914 1097 1921 ,
1124 1892 1127 1897 -

275 1937 390 2020 Quove
410 1938 489 2024 pede
507 1937 662 2017 ingressi?
681 1937 955 2021 quamrelbibistis
975 1934 1115 2023 equum?

232 2023 287 2087 Ah
306 2024 419 2102 valeat,
438 2022 602 2085 Phoebum
622 2021 807 2108 quicumque
826 2032 963 2086 moretur
983 2022 1016 2085 in
1038 2021 1149 2086 armis!

274 2108 412 2170 Exectus
431 2107 660 2192 tenuipu'mice
679 2126 788 2170 rersus
810 2119 869 2188 eet,

234 2192 307 2276 Quo
328 2214 380 2255 me
399 2192 495 2256 Fame
514 2195 602 2255 levat
620 2204 700 2255 terra
720 2193 870 2273 sublimis,
891 2202 923 2254 st
944 2213 963 2254 a
981 2212 1035 2257 me

196 2298 223 2341 ro
275 2279 357 2342 Nate
378 2279 527 2340 coronatis
547 2277 638 2341 Musa
657 2280 829 2365 triumphat
849 2278 946 2364 equis,

232 2364 272 2428 Et
290 2385 413 2426 mecum
432 2365 466 2425 in
488 2387 574 2426 curru
593 2366 681 2450 parvi
701 2376 859 2427 vectantur
878 2363 1023 2444 Amores,

275 2447 524 2534 scriptorumque
544 2471 631 2512 meus
651 2452 739 2512 turbe
760 2462 863 2512 secuta
882 2459 976 2511 rotas.

235 2533 320 2614 Quid
340 2539 452 2596 frustra
472 2536 575 2597 missis
594 2535 627 2596 in
647 2554 699 2595 rue
721 2535 840 2596 certetis
861 2530 1014 2596 habenis?
1042 2529 1046 2541 “
1111 2562 1116 2569 ·

275 2619 345 2679 Non
363 2618 451 2678 datur
471 2619 510 2679 sd
530 2618 638 2680 Muses
660 2639 778 2679 currere
798 2620 858 2677 lata
879 2616 942 2680 vie.

201 2714 227 2755 1⁵
239 2701 341 2773 Multi,
363 2699 474 2777 Roma,
495 2713 563 2761 tuus
584 2700 690 2762 laudes
712 2701 871 2760 annalibus
893 2698 1020 2779 addent,

277 2783 341 2863 Qui
361 2785 457 2844 finem
476 2784 599 2867 imperii
619 2781 729 2844 Bactra
747 2779 850 2843 futura
871 2793 1000 2844 cenent:

233 2869 305 2949 Sed,
327 2867 409 2955 quud
429 2888 504 2953 pace
523 2870 616 2948 legas,
639 2888 715 2954 opus
735 2869 795 2930 hoc
815 2865 854 2929 de
874 2876 981 2929 monte
1001 2884 1144 2934 sororum
1234 2922 1236 2929 .

203 3018 222 3041 ·
276 2952 396 3018 Detulit
414 2955 527 3016 intacta
547 2954 659 3039 pagins
679 2964 782 3016 nostra
803 2953 864 3015 vis.

232 3038 351 3114 Mollia,
372 3039 546 3121 Pegasides,
567 3039 637 3102 date
657 3050 760 3104 restro
781 3049 860 3103 serta
878 3045 1005 3124 poetuec

197 3142 225 3185 eo
277 3125 348 3189 Nou
368 3127 459 3188 faciet
479 3125 569 3209 cupiti
588 3125 662 3187 dura
685 3144 795 3187 corone
814 3144 898 3186 meo.

232 3209 278 3276 At
295 3212 375 3272 mihi
394 3209 478 3296 quod
496 3211 572 3273 viro
594 3210 759 3273 detraxerit
776 3208 883 3270 invida
903 3207 999 3287 turba,

276 3296 352 3360 Post
372 3299 492 3358 obitum
512 3294 626 3380 duplici
645 3297 751 3358 fenore
771 3293 882 3356 reddet
899 3291 1021 3356 Honos.
1119 3350 1122 3357 .

236 3381 352 3446 Omnia
373 3393 444 3464 post
462 3380 582 3441 obitum
601 3380 691 3460 fingit
708 3379 828 3442 maiora
847 3387 1002 3449 vetustos:

277 3466 380 3530 Maius
402 3468 440 3528 ab
461 3464 601 3550 exequiis
622 3486 738 3528 nomeu
756 3465 790 3526 in
811 3482 865 3526 ore
885 3461 981 3528 venit.

224 3645 446 3716 111‚1‚1.u0r
465 3646 533 3703 err.
599 3645 625 3702 5.
643 3641 711 3716 qus
729 3637 767 3698 o.
832 3614 1030 3714 rennueret.
1096 3635 1123 3690 o.
1136 3655 1192 3710 qu·

156 3730 189 3766 rs
205 3733 228 3766 r.
315 3735 355 3775 rr.
373 3736 485 3774 currum
502 3720 543 3770 N.
643 3719 817 3784 12.seqrruts
837 3709 876 3767 6.
955 3709 1020 3762 ‚160
1034 3716 1134 3761 canent
1152 3707 1193 3765 G.

158 3784 455 3916 tediievorleiiiioeogdr
477 3798 547 3910 Nm·
564 3784 709 3907 dauiiotrius
726 3791 824 3907 :mm
842 3780 903 3904 danda
915 3775 1192 3912 gtitnitalml'fflicidi

190 3931 310 3978 vetustte
324 3925 362 3980 N.
