2490 4358
193 195 195 199 ’
308 152 573 299 nuornaru
595 213 691 293 rm
716 211 747 289 1.
772 224 831 291 ss
859 209 916 291 ss.
1092 210 1139 285 aa

94 379 96 383 Ι
221 405 300 470 Sunt
320 424 444 490 quoqne
462 401 610 466 trsmlatn
630 397 743 482 gaudia
761 397 900 463 servitio.

180 491 228 555 uti
248 511 350 575 neque
371 509 475 553 amare
484 488 578 551 alium
590 507 693 572 neque
714 486 755 549 ab
765 485 825 547 hac
836 480 994 548 discedere
1014 484 1062 548 las
1073 492 1139 548 este

144 591 173 633 ae
226 572 358 659 (lyndrie
377 574 479 662 prima
498 572 567 654 fuit,
587 569 721 655 Cynthia
740 570 813 635 finis
830 567 900 633 erit.
1053 596 1056 601 ·

120 790 161 862 13
184 742 259 874 Tu,
279 790 365 881 quod
385 812 481 883 saepe
498 796 591 876 soles,
609 804 714 860 nostro
734 791 889 856 laetabere
909 808 994 869 casu,

224 876 323 961 Galle,
345 877 430 964 quod
451 882 575 966 abrepto
596 882 682 943 solus
702 898 810 943 amore
829 895 950 942 vacem.

179 963 226 1029 At
246 987 310 1028 non
329 966 397 1052 ipse
418 976 487 1028 tuas
507 964 943 1053 imitabor,·perfide‚·voces=

190 1060 193 1065 '
219 1050 341 1113 Fallere
358 1062 390 1112 te
410 1071 592 1134 numquam,
614 1048 713 1130 Galle,
733 1050 836 1135 puella
853 1047 941 1111 velit.
969 1100 972 1105 .

155 1133 272 1198 anum
290 1136 348 1198 tibi
368 1136 504 1222 deceptis
523 1147 652 1218 angetur
671 1138 755 1198 ieme
773 1133 898 1221 puellis,

58 1260 63 1265 -
224 1218 332 1285 Certus
354 1231 385 1282 et
403 1221 438 1284 in
458 1223 685 1313 nullequaeris
703 1240 810 1283 amore
829 1235 964 1295 moram,
1017 1219 1021 1228 '

181 1304 325 1369 Perditus
345 1308 378 1368 in
400 1305 536 1391 quadam
554 1306 650 1371 tardis
670 1307 838 1392 pallescere
860 1301 949 1365 curis:
1002 1302 1006 1357 ἶ

222 1388 339 1475 Incipis
360 1400 391 1453 et
410 1391 513 1476 primo
532 1394 639 1479 lapsus
660 1391 744 1454 adire
766 1387 874 1471 gradu.
948 1418 951 1423 ·

184 1472 270 1537 Haec
289 1476 348 1537 erit
366 1476 492 1539 illarum
511 1478 681 1561 contempti
701 1497 802 1563 poena
823 1472 952 1551 doloris,

148 1573 175 1614 1⁰
201 1622 206 1629 ,
228 1558 399 1623 Multarum
416 1562 548 1627 miserm
568 1563 674 1642 exiget
693 1582 755 1622 una
776 1561 871 1623 vices.

183 1643 269 1707 Haec
289 1646 347 1707 tibi
366 1647 511 1727 vulgares
529 1649 607 1711 istos
628 1656 802 1731 compescet
821 1660 956 1717 amores,

103 1762 108 1773 ·
224 1728 289 1811 Nec
309 1752 393 1795 nore
412 1732 589 1819 quaerendo
609 1753 733 1819 semper
752 1731 868 1793 amicus
889 1724 962 1809 eris·

184 1813 270 1877 Haec
291 1836 350 1897 ego
372 1838 436 1879 nou
456 1838 582 1881 rumore
601 1821 697 1897 malo,
718 1838 783 1879 non
805 1834 920 1895 augure
941 1808 1068 1870 (loetum

213 1898 302 1973 'Vidi
322 1923 398 1982 ego:
419 1923 474 1965 me
494 1925 610 1988 quaeso
630 1915 709 1968 teste
729 1922 841 1983 negare
861 1892 975 1985 potes?

148 1996 175 2036 1⁶
183 1982 260 2047 Vidi
277 2007 339 2066 ego
350 1998 392 2050 te
410 1999 477 2051 toto
496 1990 637 2052 vinctum
656 1992 853 2070 languescere
873 1989 953 2050 collo

225 2070 267 2133 Et
285 2074 362 2136 fiere
381 2074 511 2155 iniectis,
534 2073 634 2153 Galle,
655 2074 709 2139 diu
729 2075 886 2152 manibus,

83 2158 101 2210 ι’
185 2154 227 2219 Et
239 2179 361 2244 ¹cupere
382 2179 402 2221 ο
423 2161 495 2223 tatis
515 2162 653 2223 animam
674 2160 830 2257 deponere
849 2155 963 2234 verbis,

97 2242 102 2258 ’
227 2241 268 2305 Et
287 2264 368 2327 quae
388 2182 502 2307 ‹llinds
521 2267 613 2319 meus
633 2248 721 2322 celat,
743 2246 851 2322 amice,
873 2241 983 2327 pudor.

185 2324 258 2388 Non
278 2348 336 2407 ego
356 2330 538 2413 complexus
560 2331 647 2415 potui
667 2330 811 2392 diducere
830 2338 973 2390 vernos:

51 2442 55 2451 ·
151 2420 180 2462 2⁰
231 2410 352 2475 Tantus
372 2424 439 2473 erat
458 2411 588 2477 demens
608 2416 690 2476 inter
708 2427 854 2499 utrosque
869 2417 966 2475 furor.

186 2492 258 2559 Non
279 2498 323 2560 sic
341 2497 519 2559 Haemonio
541 2497 721 2561 Salmonida
742 2501 860 2562 mixtus
879 2495 1000 2583 Enipeo

70 2660 74 2667 Ι
231 2578 402 2645 Taenarius
420 2583 505 2645 facili
547 2584 637 2647 ressit
657 2604 763 2649 amore
780 2582 869 2662 deus,

186 2664 252 2729 Nec
273 2667 316 2729 sic
336 2670 502 2731 caelestem
562 2689 654 2750 grans
673 2691 763 2733 amor
780 2668 922 2733 Herculis
942 2669 1054 2735 Heben

228 2748 335 2815 Sensit
353 2751 388 2815 in
409 2750 537 2816 Oetaeis
557 2751 669 2835 gaudia
688 2757 788 2840 prima
807 2755 901 2834 iugis.

146 2851 180 2899 aa
195 2834 264 2898 Una
283 2836 352 2901 dies
372 2839 476 2900 omnis
495 2840 598 2923 potuit'
617 2860 813 2928 praecurrere
833 2851 990 2905 amantes:
1106 2848 1110 2857 '

117 2924 120 2929 '
202 2988 206 2995 ,
227 2920 311 2985 Nam
331 2923 389 2985 tibi
408 2944 473 2985 nun
493 2924 613 3010 tepidas
633 2925 770 2988 subdidit
789 2927 843 2988 illa
862 2927 955 3004 fucas,

188 3002 254 3068 Nec
273 3009 330 3070 tibi
351 3008 532 3093 praeteritos
552 3029 644 3095 passa
664 3023 712 3072 est
732 3009 896 3072 succedere
912 3015 1022 3092 festus,

228 3090 294 3154 Nec
314 3093 396 3154 sinet
416 3091 543 3156 abduci:
565 3105 596 3159 te
617 3106 690 3157 tuus
711 3095 802 3158 ardor
823 3106 904 3175 aget.

188 3172 254 3239 Nec
274 3179 403 3256 mirum,
425 3198 497 3239 cum
518 3179 558 3242 sit
577 3177 657 3243 Iove
679 3177 772 3260 digua
793 3183 825 3243 et'
844 3181 987 3267 proxima
1007 3176 1128 3261 Ledae,

100 3278 112 3289 ·
154 3270 184 3314 ³⁰
236 3259 277 3323 Et
296 3260 405 3327 Ledae
426 3274 515 3349 partu
534 3267 658 3345 gratior,
679 3266 868 3347 matribus,

175 3423 219 3493 12,
238 3398 279 3499 sp.
297 3426 346 3484 lde
363 3426 404 3497 G.
472 3427 614 3486 dissisters
630 3430 669 3498 N,
679 3423 761 3515 forte
778 3431 909 3490 desistere
928 3430 962 3488 P.

175 3494 219 3559 ts,
235 3511 262 3552 a.
279 3504 391 3570 streptu
416 3495 456 3552 Θ.
559 3503 586 3556 5.
609 3501 771 3555 immutator
785 3500 826 3562 Ν.
926 3504 954 3557 5.
976 3499 1097 3572 dereptis
1115 3497 1154 3553 G.

108 3561 235 3689 ⁸⁸¹pprrpus
254 3565 337 3693 &N
369 3559 504 3691 {lupus
523 3568 559 3653 P,
581 3570 702 3694 ..llppsus
721 3570 778 3693 RN
817 3589 935 3697 Gsmsre
951 3577 985 3635 P,
999 3568 1157 3691 fisdirsN‚

142 3655 245 3759 rabula
263 3653 303 3758 ὃ.
337 3652 368 3692 ω
383 3649 601 3777 οὲςεηοῷῗὶῧῖι
636 3677 644 3695 ⁰
691 3644 1157 3787 ¹151.vippmp,R‚13[.·eppnpppp;P:

133 3774 187 3854 ,¹⁰⁸
203 3774 312 3839 iniectis
328 3772 367 3829 N.
421 3774 632 3857 mamere-G.
686 3796 728 3850 19·
746 3777 937 3841 deducens-G.
1007 3798 1050 3834 ss.
1068 3790 1159 3833 semo·

110 3858 160 3895 nro
178 3842 276 3925 Gtttt.
344 3845 514 3901 sslsmcuids
534 3844 605 3909 Gr«,
618 3846 786 3904 salemonide
799 3872 822 3905 r.
889 3865 932 3901 nn.
951 3848 1103 3905 Taenarius
1120 3846 1160 3914 G,

48 3966 52 3975 ,
109 3910 270 3968 Tremsrrus
285 3933 307 3969 r.
376 3916 420 3971 24.
437 3914 544 3971 cetheis
561 3913 626 3991 ΟΡ,
641 3918 759 3976 sabaeis
774 3917 813 3991 N,
827 3917 931 3983 setteis
945 3939 969 3977 r.
1036 3919 1081 3977 25.
1097 3934 1159 3972 om·

110 3997 161 4035 nes
178 3978 247 4038 GN.
314 3991 358 4045 aa.
376 3983 475 4041 adduci
492 3984 531 4053 N,
548 3983 632 4042 educi
650 3987 688 4043 θ.
