2490 4358
86 157 134 234 ss
158 126 190 241 ,’
241 147 492 229 auersam
516 146 609 223 ms.
635 147 698 222 ιιι.
724 147 800 242 (ιι.)
824 108 885 238 29.
910 144 973 221 so.

172 335 223 400 Sic
242 356 301 416 ego
321 345 386 396 tam
407 329 505 395 sancti
525 328 652 395 custode
671 329 812 394 recludor
832 314 959 395 amoris

212 419 336 494 Exitio
355 416 433 482 tatix
452 438 517 481 nox
536 414 616 480 milti
636 416 721 479 nulla
742 415 811 479 fuit.

30 736 34 753 .
112 685 155 753 30
186 635 281 767 Quo
299 683 381 765 tugis
401 682 607 749 ahdamans?
626 684 711 747 nulla
728 684 870 763 estfuga.¹
890 690 925 743 tu
944 677 1017 744 iicet
1037 694 1133 767 usque

148 768 156 789 ⁸
214 769 266 835 ad
287 768 408 834 Tanain
428 768 548 850 fugiasr
568 790 668 855 usqua
687 779 832 852 sequetur
855 764 963 831 Amor.

175 855 246 923 Nou
267 856 295 918 si
314 854 452 935 Pegaseo
472 855 603 918 vecteris
622 856 655 917 in
676 873 748 917 sere
768 851 872 930 dorso,

216 941 281 1005 Nec
301 938 358 1001 tibi
377 939 405 1002 si
425 938 530 1003 Persei
548 939 683 1003 mouerit
703 941 752 1000 alu
771 936 886 1024 pedes:

146 1023 237 1090 ‘Vel
258 1022 286 1087 si
304 1035 337 1086 ta
354 1034 455 1087 sedas
474 1023 594 1110 rapiant
612 1023 759 1087 talaribus
779 1042 884 1104 ouras,
939 1064 942 1069 -

215 1107 269 1172 Nil
288 1108 348 1171 tibi
368 1107 513 1173 Mercurii
532 1108 669 1196 proderit
685 1109 747 1170 alta
767 1108 830 1170 via.

148 1219 152 1229 ’
174 1191 272 1263 Instat
293 1212 417 1278 semper
436 1191 538 1258 Amor
557 1214 650 1279 supra
669 1203 773 1281 caput:
793 1192 887 1253 instat
907 1190 1034 1272 amanti,

215 1274 256 1341 Et
275 1279 379 1357 maris
398 1277 466 1364 ipso
486 1299 579 1365 super
597 1278 693 1341 libera
715 1278 792 1339 colla
813 1275 910 1338 sedet.
1003 1284 1006 1290 ’

175 1359 315 1437 Excubat
332 1364 389 1426 illo
410 1384 480 1426 acar
501 1376 602 1427 custos
623 1364 783 1425 attollere
803 1379 975 1443 numquam

140 1461 168 1527 lt?
219 1446 267 1513 Te
287 1448 418 1533 patietur
436 1449 535 1511 humo
554 1448 673 1512 lumina
694 1458 780 1531 capta
801 1446 910 1507 semel.

175 1529 215 1593 Et
235 1532 299 1595 iem
320 1532 349 1594 ei
367 1553 485 1620 peccas,
507 1533 584 1597 daus
605 1531 771 1596 exorabilis
790 1530 844 1591 itte
865 1539 923 1602 est,
1033 1610 1036 1615 ἡ
1067 1580 1069 1584 .

221 1613 256 1679 Si
276 1616 372 1680 modo
394 1620 564 1704 praesentis
584 1618 697 1681 viderit
717 1636 786 1680 esse
806 1634 922 1699 preces.

178 1698 242 1763 Ista
263 1721 354 1766 sanes
372 1703 445 1766 licat
464 1712 607 1767 accusent
626 1702 770 1765 convivia
791 1699 876 1762 duri:
921 1720 926 1725 ·

216 1781 283 1849 Nos
302 1786 399 1851 modo
419 1789 623 1874 propositum,
642 1790 718 1865 rita,
739 1797 876 1848 teramus
898 1783 964 1844 iter.

142 1863 310 1932 ”Iliorum
332 1871 465 1953 antiquis
486 1884 651 1935 onerentur
672 1872 792 1951 legibus
813 1888 920 1930 aures:
979 1908 982 1913 -
1046 1904 1049 1909 ·

217 1951 277 2015 Hie
294 1954 382 2017 locus
402 1965 462 2033 ast,
483 1956 608 2041 inquo,
630 1956 704 2017 tibia
725 1955 825 2029 dorm,
846 1971 950 2028 sones,

84 2053 88 2067 ·
177 2034 269 2116 Quae
288 2037 440 2102 noniura
462 2038 543 2102 vado
565 2038 724 2102 Maeandri
747 2039 824 2100 iacta
846 2036 967 2116 nutasti,

220 2117 335 2208 Turpia
357 2144 428 2187 cuns
447 2125 559 2187 faceret
578 2123 712 2188 Palladis
732 2143 786 2185 ora
806 2134 921 2186 tumor.

176 2203 261 2270 Num
281 2209 357 2283 iam,
379 2208 464 2282 dure,
486 2230 574 2295 parus
589 2208 738 2291 Phrygias
758 2229 840 2270 nunc
859 2208 905 2270 ire
925 2227 982 2294 per
1003 2207 1102 2276 undas

142 2297 171 2342 2⁰
221 2287 262 2355 Et
281 2305 386 2379 petere
405 2293 541 2375 Hyrcani
559 2292 650 2359 litora
668 2305 742 2358 nota
761 2294 866 2369 maris,

176 2369 324 2460 Spargere
345 2390 377 2443 et
396 2382 512 2443 alterna
532 2400 715 2445 communes
734 2379 827 2442 caede
847 2378 978 2463 Penates

217 2459 258 2525 Et
276 2465 356 2528 ferro
377 2464 417 2528 ad
438 2466 553 2550 patrios
572 2467 709 2554 praemia
730 2464 795 2527 dira
817 2455 958 2529 Lares?⁸

179 2540 248 2609 Una
267 2552 446 2613 somnium
467 2550 586 2633 pudeat
603 2572 657 2613 me
677 2551 786 2612 vivere
807 2544 933 2625 arnico?
1029 2586 1032 2591 -
1132 2613 1137 2625 ἱ

219 2630 289 2692 Hoc
310 2632 338 2694 si
358 2633 474 2694 crimen
495 2635 562 2708 erit,
583 2636 699 2695 crimen
719 2631 846 2694 Amoris
867 2631 943 2692 eritr

144 2723 171 2764 2⁶
183 2708 229 2774 ttti
249 2734 342 2775 nemo
364 2716 496 2775 obiiciat.
518 2715 612 2775 libeat
631 2715 698 2792 tibi,
722 2711 864 2793 Cynthia,
884 2730 1009 2774 mecum

224 2793 358 2858 Roscida
380 2797 531 2860 muscosis
552 2808 639 2859 antra
658 2808 762 2860 tenere
783 2797 875 2876 iugis.

181 2876 250 2942 Illic
271 2881 402 2966 aspicies
423 2882 558 2967 scopulis
578 2884 705 2946 haerere
726 2902 859 2960 sorores,

221 2961 261 3027 Et
281 2986 389 3030 canere
410 2966 527 3053 antiqui
547 2967 648 3032 dulcia
668 2972 749 3032 furta
769 2965 866 3044 Iouis,

182 3045 223 3110 Ut
242 3047 366 3115 Semela
387 3063 437 3118 est
455 3055 644 3130 combustus,
665 3066 699 3117 ut
718 3066 766 3118 est
783 3048 958 3141 deperditus
977 3050 1023 3132 Io,

166 3294 270 3367 29·41.
288 3300 401 3358 custode
424 3303 534 3360 scindor
550 3308 589 3368 N,
607 3306 729 3361 custodis
751 3313 842 3359 rector
858 3303 900 3372 li,
920 3302 1034 3359 custode
1051 3304 1140 3359 reclu-

99 3357 160 3434 ἅθ’,
177 3377 270 3422 ΰΰῦὶὓθ
286 3372 402 3435 ‘timor
418 3371 451 3430 P.
474 3427 477 3436 ,
499 3385 562 3445 '42
579 3391 638 3429 uon
654 3375 706 3434 Nc.

165 3432 210 3496 30,
225 3449 252 3490 2.
272 3440 375 3495 tanaim
391 3438 429 3505 R,
445 3440 572 3499 thauhim
589 3443 627 3499 G.
696 3447 723 3499 ὅ.
739 3441 850 3497 verteris
868 3456 903 3495 η·
951 3442 977 3500 5.
997 3450 1087 3514 septae
1099 3442 1162 3506 Q·

134 3501 160 3554 ⁶·
178 3509 299 3562 mercuri
315 3509 354 3562 Ν.
455 3529 481 3584 9,
499 3528 637 3585 nusquam
655 3512 696 3588 β.
799 3524 838 3567 ra.
858 3511 1023 3582 praesenteis
1040 3508 1072 3562 Ρ.

100 3568 141 3623 15·
159 3587 309 3633 onerantur
324 3575 361 3642 N,
377 3591 512 3635 ornentur
530 3581 569 3636 G.
667 3581 707 3637 16.
724 3589 803 3637 sonet
821 3602 844 3631 r.
938 3594 978 3647 ¹7·
996 3579 1141 3637 menandri

101 3634 183 3692 GNr·
267 3650 308 3712 ιδ.
325 3644 446 3718 pallidus
463 3669 513 3706 ors
531 3651 615 3704 timor
632 3673 655 3706 r.
738 3669 777 3720 sq.
794 3649 859 3707 Non
876 3668 912 3718 pr
929 3652 967 3709 N,
985 3648 1064 3700 Nunc
1080 3648 1140 3707 611

98 3720 126 3759 ot
144 3726 189 3761 rec
206 3714 244 3765 N.
329 3714 396 3771 dore
433 3733 493 3774 aras
517 3719 555 3771 P:
580 3719 648 3773 dura
666 3738 745 3792 paras
770 3718 822 3784 Gr,
845 3727 936 3771 tamen
952 3718 1081 3771 inmerito
1100 3719 1138 3774 N.

58 3822 61 3828 -
120 3786 176 3857 31.
193 3736 432 3856 Spartenqurtif
514 3801 557 3844 22.
574 3790 658 3860 digna
677 3789 713 3845 G.
784 3786 844 3843 aa.
863 3802 953 3841 memo
970 3783 1009 3837 N.
1077 3788 1139 3842 obi-

101 3855 157 3917 ctat
174 3845 213 3903 G.
279 3853 323 3908 26.
340 3854 443 3910 Rorids
464 3861 501 3917 Ν.
569 3858 693 3919 detenerc
712 3861 748 3913 N.
817 3875 859 3928 ²9·
877 3852 974 3910 semele
992 3855 1029 3911 tt.
