2490 4358
25 212 29 220 ·
92 193 144 266 aa
288 186 539 301 raornanu
563 184 658 262 nm.
684 186 747 262 111.
771 185 847 280 (ιι.)
867 182 938 306 aa·

108 374 114 379 ’
173 374 224 441 Τιι
244 384 325 437 certe
343 369 429 439 louis
448 370 573 435 occultis
594 371 627 433 in
648 370 813 448 amoribus,
833 366 879 450 Io,
968 370 971 413 ἶ

214 458 356 536 Sensisti,
376 460 489 520 multas
510 456 584 541 quid
604 457 644 519 sit
658 457 741 518 -inire
761 458 839 528 vias,

126 613 130 619 ,
173 543 252 610 cum
275 557 306 606 te
326 545 416 606 iussit
434 545 549 605 habere
592 543 706 603 uellam
728 562 841 604 cornua
856 540 942 611 Iuno

141 644 168 686 ro
213 627 255 693 Et
275 628 392 712 pecoris
412 627 494 690 duro·
509 563 638 712 perdere
657 628 754 689 verba
774 648 862 689 sono.
923 656 938 669 ·-
974 656 976 661 ·
1041 620 1045 629 “

170 713 227 778 Ab
247 715 389 798 quotiens
408 715 531 795 quernis
551 713 667 774 laesisti
686 711 845 775 frondibus
865 714 939 779 orat
985 725 989 735 '
1036 792 1040 800 ι

213 799 358 863 Mansisti
376 799 504 861 stabulis
525 795 628 859 abdita
647 809 734 882 pasta
753 797 826 859 tuis.
979 867 982 871 ,

172 886 237 962 An,
257 885 405 969 qnoniam
426 893 578 962 agrestem
599 882 729 945 detraxit
749 883 787 944 ab
810 901 862 944 ore
882 881 1015 962 figuram

213 968 361 1055 Iuppiter,
382 966 494 1031 idcirco
515 971 593 1029 iacta
614 970 745 1053 superba
766 964 824 1028 dea
845 967 903 1029 es?

137 1070 163 1112 tu
175 1048 228 1116 An
250 1055 306 1115 tibi
327 1053 484 1118 nonsatis
506 1063 552 1115 est
570 1053 664 1115 fuscis
684 1050 845 1136 Aegyptus
867 1050 1023 1113 alumnis?

159 1212 162 1219 Α
216 1137 279 1203 Gur
297 1139 353 1223 tibi
372 1149 438 1201 tam
457 1140 550 1218 longa
570 1135 673 1199 Roma
692 1139 788 1223 petita
808 1138 861 1199 via
883 1136 954 1199 est?

174 1221 300 1305 Quidve
318 1223 377 1285 tibi
396 1220 520 1308 prodest
539 1222 649 1286 viduas
671 1220 804 1283 dormine
824 1220 967 1307 puellas?
1005 1230 1025 1307 Ἰ

215 1307 279 1373 Sed
296 1308 363 1387 tibi,
384 1308 476 1372 crede
493 1308 581 1386 mihi,
603 1328 715 1369 cornua
736 1328 839 1369 rursus
861 1317 959 1384 erunt,
1011 1328 1014 1333 ·
1043 1302 1049 1337 ³

172 1391 240 1456 Aut
259 1414 318 1457 nos
339 1413 357 1455 e
376 1406 484 1456 nostra·
500 1405 542 1468 te,
562 1412 669 1472 saeva,
689 1392 865 1473 fugabimus
886 1384 980 1455 urb‘er

137 1495 166 1538 aa
218 1476 298 1542 cum
318 1475 424 1561 Tiberi
443 1477 515 1543 Nilo
536 1479 736 1558 gratianulla
756 1479 825 1539 fuit.

170 1560 216 1626 At
232 1575 276 1641 tu,
298 1583 378 1647 qnae
396 1575 503 1628 nostro
522 1563 655 1625 nimium
674 1558 790 1649 'placata
812 1562 918 1625 dolore
937 1583 981 1641 es,
1045 1644 1048 1649 ι

127 1663 130 1667 ’
212 1647 359 1713 Noctibus
379 1649 540 1712 hiszvacui
560 1659 607 1710 ter
625 1650 775 1712 faciamus
796 1648 864 1710 iter.
1024 1646 1028 1653 '

172 1731 244 1795 Non
266 1733 363 1813 audis,
384 1737 531 1797 etlverba
552 1735 628 1796 sinis
647 1754 719 1796 mea
739 1733 949 1811 ludere,·cum
969 1730 1033 1793 iam

216 1817 355 1881 Flectant
374 1817 469 1881 Icarii·
484 1819 582 1883 sidera
604 1818 691 1880 tarda
711 1820 820 1882 boves.
1042 1808 1047 1829 ’

133 1915 160 1958 2⁵
175 1898 277 1964 Lenta
297 1903 396 1965 bibisr
418 1903 539 1983 mediae
560 1915 718 1986 nequeunt
738 1915 769 1965 te
789 1905 928 1983 frangere
947 1897 1062 1979 noctes}

213 1985 268 2053 An
287 1986 426 2049 nondum
441 1998 495 2049 est
515 1986 593 2051 talos
612 1989 736 2049 mittere
755 1990 836 2050 lassa
856 1989 1005 2054 ananus?
1040 1982 1046 1995 '

172 2067 227 2134 Ab
247 2082 362 2157 pereat,
386 2072 570 2156 quicumque
590 2093 727 2136 meracas
747 2074 879 2158 repperit
898 2097 987 2156 uvas,
1005 2082 1009 2101 '

213 2156 413 2242 Corrupitque
433 2156 531 2221 bonas
551 2170 673 2221 nectare
694 2159 812 2243 primus
834 2163 946 2242 aquas!
988 2152 992 2159 ¹
1013 2164 1022 2199 ⁵·

170 2239 257 2306 Icaro
280 2241 433 2327 Cecropiis
453 2244 565 2307 merito
582 2246 718 2326 iugulate
740 2246 867 2321 colonis,
911 2296 913 2300 .
1005 2262 1009 2269 ·

138 2343 166 2386 no
213 2327 401 2414 Pampineus
420 2330 509 2397 nosti,
522 2349 616 2414 quam
638 2332 678 2394 sit
699 2352 821 2393 amarus
843 2328 927 2392 odor.

170 2411 220 2476 Tu
241 2435 365 2500 quoque
387 2413 577 2495 0'Euryti0n
595 2418 670 2479 vino
693 2414 844 2479 Centaure
863 2415 979 2500 peristi,

213 2498 362 2563 Necnon
382 2497 514 2563 Ismario
535 2513 579 2579 tu,
600 2501 802 2585 Polypheme,
823 2521 920 2562 mero.
1026 2494 1030 2501 ’

172 2582 256 2646 Vino
276 2588 376 2646 forma
396 2586 484 2668 perit,
505 2586 580 2646 vino
601 2589 803 2668 corrumpitur
823 2595 918 2660 aetas,
942 2600 946 2609 ’

214 2667 298 2729 Vino
320 2687 413 2749 saepe
434 2688 527 2729 suum
546 2669 643 2728 nescit
664 2671 762 2733 amica
782 2668 895 2728 virum.

106 2816 109 2821 ,
138 2773 165 2814 aa
177 2750 230 2814 Me
250 2752 410 2829 miserum,
431 2761 465 2829 ut
485 2751 585 2811 multo
604 2752 747 2832 nihilest
767 2749 884 2812 mutata
904 2749 1028 2832 Lyaeo!

215 2833 284 2896 Iam
304 2835 393 2896 bibe:
413 2834 551 2896 formosa
573 2855 624 2896 es:
644 2837 689 2897 nil
709 2834 766 2898 tibi
785 2835 859 2898 uina
880 2848 1001 2915 nocent,

174 2918 255 2984 Cum
272 2931 327 2981 tua
347 2902 555 3007 praepeirdent
578 2919 732 2991 demissae
751 2917 918 3006 in‘pocula
938 2934 1050 3005 sertae,

168 3010 174 3023 '
213 3004 254 3067 Et
273 3021 349 3070 mea·
365 2998 493 3069 deducta
514 3010 648 3070 carmina
670 3028 747 3070 voce
767 3006 855 3087 legis.
876 3008 879 3013 ’
942 3075 945 3081 ,
971 3074 974 3081 ,

173 3089 305 3172 Largius
325 3092 423 3155 effuso
444 3089 568 3154 madeat
588 3094 645 3154 tibi
665 3114 773 3155 mensa
794 3092 935 3174 Falem0,

136 3195 165 3237 aa
219 3175 351 3262 Spumet
370 3187 402 3248 et
421 3189 526 3240 aurato
546 3179 673 3240 mollius
693 3181 728 3240 in
748 3179 850 3241 calice.
898 3250 901 3259 Ι
967 3178 971 3183 ’
1003 3172 1007 3179 ’

173 3258 267 3327 Nulla
287 3272 393 3325 tamen
413 3265 492 3325 lecto
513 3263 674 3347 recipitne
695 3263 761 3347 sola
781 3265 928 3326 libenter:

211 3344 268 3412 Est
287 3347 434 3434 quiddam
454 3346 538 3435 quod
560 3367 616 3413 uos
637 3366 783 3434 quaerere
802 3361 890 3437 cogat
909 3349 1020 3411 Amor.
1058 3432 1061 3437 Ι

160 3561 392 3629 ³³,15.rnstsr.
465 3559 505 3622 ib.
521 3574 564 3622 cst
580 3583 624 3619 om
642 3569 680 3620 N.
748 3579 792 3620 no.
806 3563 914 3637 tbybcri
935 3563 972 3628 G,
987 3557 1075 3634 tyberi
1094 3565 1133 3624 Η.

126 3647 171 3684 nr.
188 3635 246 3690 Aut
262 3654 286 3691 r.
363 3635 408 3688 nb.
427 3633 463 3689 Aa
481 3633 536 3688 Gr.
603 3634 729 3691 nundum
748 3655 770 3688 r.
849 3650 893 3700 27.
912 3648 1090 3708 quaecuuque
1108 3659 1132 3691 r.

126 3698 232 3754 51.Τὰ
249 3720 360 3775 qnoque
375 3702 500 3775 oeurytio
525 3725 548 3771 r,
571 3703 615 3758 Tu
633 3721 742 3777 quoque
759 3712 786 3756 et
802 3705 929 3778 eurytion
947 3704 979 3770 Ρ,
998 3698 1095 3770 Tuque
1113 3714 1130 3756 o

93 3769 198 3826 curinio
216 3775 253 3833 N,
271 3773 368 3844 Tuque
385 3790 402 3826 o
419 3773 537 3845 eurythii
555 3772 593 3829 G.
668 3780 711 3830 52.
730 3772 861 3829 hismario
876 3799 900 3833 r.
973 3773 1015 3828 33.
1036 3791 1132 3828 corru-

92 3842 171 3915 pitur
186 3859 228 3896 u·
284 3880 286 3885 ·
305 3840 496 3910 ‚boa-eslim
539 3843 581 3908 37.
598 3844 769 3927 perpendent
786 3843 825 3910 Θ,
842 3841 1015 3918 propendent
1033 3841 1064 3894 P.

130 3909 468 3968 dommuccensem
539 3913 583 3967 38.
600 3910 702 3969 delun·
714 3913 836 3971 carmine
853 3928 886 3969 r:
1033 3914 1056 3951 '-
