2490 4358
351 190 609 323 raqrnarn
633 216 783 299 otuu
812 210 871 313 16,
1087 215 1135 339 ¹⁵,

139 429 152 468 a
170 411 212 474 Et
255 421 321 472 otes
340 409 502 472 hesternos
523 406 667 468 monibus
689 422 874 487 componere
893 401 992 485 crinas

240 509 252 558 t
272 497 364 576 longa
385 495 497 556 faciem
519 512 666 576 quaerere
686 489 815 567 desidia,

167 580 233 644 Nec
253 582 357 642 minus
377 578 453 641 Eois
471 589 579 664 pectus
601 577 720 639 variare
739 573 863 661 lapillis,

211 664 252 726 Ut
271 662 407 726 formosa
428 685 513 725 novo
534 682 614 747 quae
633 673 722 747 parat
740 662 786 723 ira
806 659 885 722 viro.

169 749 214 813 At
234 771 297 811 non
319 751 362 811 sic
381 748 481 812 Itbaci
500 747 640 828 digressu
661 758 747 809 mota
768 744 901 831 Calypso

134 847 162 886 1⁰
212 832 352 898 Desertis
374 835 450 896 olim
469 833 598 896 fleverat
618 828 822 917 aequoribusa
898 826 902 834 '

170 917 287 982 Multos
309 920 362 981 illa
384 918 450 981 dies
468 920 634 1003 incomptis
655 928 774 980 maesta
796 913 913 1001 capillis

210 1002 339 1068 Sederat
358 1005 474 1068 iniusto
494 1005 593 1065 multa
613 1004 716 1065 locuta
737 1002 818 1081 salo,'
1058 1068 1060 1073 ,

167 1087 208 1151 Et
228 1090 372 1173 quamvis
393 1109 565 1173 numquam
585 1091 752 1174 posthaec
771 1088 879 1150 visura
899 1081 1024 1145 dolebat

120 1244 124 1251 ¹
208 1171 267 1236 Illa
289 1186 394 1240 tamen
414 1174 526 1254 longae
548 1175 669 1236 conscia
691 1173 826 1238 leutitiae
1070 1176 1076 1185 '

135 1274 160 1314 1⁵
173 1258 386 1405 Alphesiboea
406 1281 481 1322 suos
501 1261 566 1322 ulta
587 1270 635 1322 est
655 1280 711 1346 pro
731 1259 862 1336 coniage
880 1256 1002 1333 fratros,

235 1345 376 1424 anguinis
399 1357 429 1407 et
450 1346 511 1408 cari
531 1345 654 1408 vincula
676 1346 759 1432 rupit
779 1362 877 1405 amor.

168 1427 233 1490 Nec
254 1430 298 1491 sie
318 1429 500 1493 Aesoniden
520 1432 707 1515 rapientibus
729 1431 822 1491 anxia
842 1425 947 1490 ventis

209 1513 385 1599 Hypsipyle
404 1536 504 1581 vacuo
527 1517 665 1579 constitit
685 1519 719 1577 in
738 1517 918 1577 thalamot·
954 1530 957 1537 ·
1012 1588 1016 1593 ¹

166 1595 344 1745 Hypsipyle
365 1602 467 1663 nullos
489 1611 560 1685 post
579 1604 651 1664 illos
672 1601 769 1663 sensit
788 1615 928 1675 amores,.

134 1695 162 1736 ω
245 1695 257 1745 t
278 1689 377 1749 semel
397 1686 574 1749 Haemonio
595 1687 695 1749 tabuit
713 1685 861 1772 hospitio.

85 1782 88 1791 ’
171 1764 318 1849 Coniugis
338 1770 474 1835 Euadne
488 1773 619 1834 miseros
640 1773 719 1834 elata
742 1792 798 1859 per
816 1772 905 1851 ignes

211 1853 341 1934 Occsdit,
363 1857 502 1937 Argivae
523 1860 607 1918 fama
627 1856 801 1943 pudicitiae.

169 1935 311 2018 Quarum
328 1944 414 2004 nulla
434 1954 506 2007 tuos
525 1943 627 2028 potuit
647 1954 826 2005 convertero
845 1955 960 2015 mores,

208 2023 266 2087 Tu·
280 2047 405 2112 quoque
424 2028 581 2091 utiliores
602 2030 715 2091 nobilis
735 2027 878 2111 historia,

132 2119 158 2159 ²⁵
170 2107 288 2175 Desine
308 2114 372 2175 iarn
392 2133 540 2177 revocare
559 2113 622 2176 tuis
642 2115 776 2199 periuria
796 2108 911 2191 verbis,
1003 2132 1006 2137 ·

211 2193 353 2275 Cynthia,
375 2210 407 2260 et
428 2200 541 2261 oblitos
554 2219 652 2283 parce
672 2219 802 2262 movere
822 2196 909 2273 deos,

168 2276 295 2359 Audax,
318 2284 359 2342 ab
380 2285 520 2345 nimium·
535 2294 640 2346 nostro
662 2284 794 2346 dolitura
813 2282 939 2369 periclo,
1000 2294 1004 2300 '

212 2363 248 2427 Si
269 2365 343 2448 quid
365 2369 521 2430 faustini
541 2368 647 2431 durius
668 2369 819 2430 inciderit.
868 2387 872 2393 ’
977 2390 980 2397 ’

167 2445 256 2535 Muta
277 2452 360 2533 prius
381 2462 471 2515 vasto
491 2453 634 2514 labentur
652 2454 784 2515 flumina
802 2463 911 2539 ponto,

21 2577 24 2583 .
128 2541 155 2583 ³⁰
211 2532 324 2597 Annus
345 2546 378 2598 et
396 2538 537 2600 inversas
556 2535 681 2600 duxerit
700 2550 772 2600 ante
790 2540 887 2616 vices,

169 2614 276 2697 Quam
297 2632 351 2682 tua
371 2625 428 2685 sub
449 2635 556 2685 nostro
576 2634 714 2686 mutetur
732 2635 856 2710 pectore
877 2640 968 2695 curat

212 2703 266 2768 Sis
283 2705 501 2792 quodcumque
521 2709 620 2789 voles,
641 2732 704 2792 non
725 2711 826 2773 aliena
846 2720 970 2791 tamen3

170 2786 276 2867 Quam
296 2792 376 2854 mihi
397 2812 438 2857 na
460 2795 541 2858 viles
560 2795 615 2858 isti
636 2796 803 2859 videantur
822 2797 922 2875 ocelli,

96 2935 98 2938 .
211 2875 271 2939 Per
293 2898 370 2961 quos
392 2898 486 2965 saepe
505 2881 586 2943 mibi
608 2882 722 2945 credita
741 2880 871 2967 perfidia
892 2893 950 2945 est.
1032 2882 1036 2887 ’

134 2968 159 3008 ³⁵
172 2957 240 3022 Hos
261 2973 295 3023 tu
316 2964 452 3042 iurabas‚·
470 2966 499 3028 si
519 2965 595 3050 quid
613 2968 743 3029 mentita
762 2966 886 3045 fuisses,
978 2980 982 2991 ¹

210 3043 252 3106 Ut
273 3049 329 3108 tibi
348 3050 519 3134 suppositis
540 3051 717 3115 exciderent
736 3050 897 3113 maniblos

169 3125 209 3189 Et
230 3144 336 3193 eontra
356 3156 509 3215 magnum
527 3147 617 3224 potes
636 3139 695 3200 hos
717 3138 857 3200 attollere
877 3136 989 3216 solem,

210 3213 275 3278 Neo
295 3221 403 3283 tremis
422 3220 578 3285 admissae
598 3224 718 3286 conscia
739 3219 920 3307 nequitiae?

170 3298 253 3379 Quis
274 3313 306 3365 te
326 3306 455 3385 cogabat
473 3310 589 3373 multos
609 3310 734 3395 pallere·
746 3310 865 3371 colores

76 3516 78 3520 ·
156 3495 200 3566 15,
223 3500 249 3554 5.
266 3511 393 3557 externos
413 3502 482 3558 01³.
585 3520 612 3576 7=·
635 3516 663 3560 et
684 3506 760 3560 ehois
780 3505 815 3568 Ν.
915 3524 943 3579 9.
960 3507 998 3562 At
1019 3524 1094 3562 nunc
1110 3532 1134 3573 r,

121 3567 275 3636 digressum
296 3570 332 3625 G.
419 3591 461 3628 ro.
477 3572 574 3628 fluerat
589 3597 613 3645 r.
681 3592 723 3635 12.
740 3577 853 3650 loquuta
873 3576 910 3630 G.
969 3577 1136 3652 ¹13.post-

88 3650 139 3705 hae
155 3652 193 3709 R.
269 3656 310 3709 15.
343 3657 525 3729 Alpbisiboes
544 3659 595 3713 Nr.
648 3647 724 3716 ulcla
743 3660 782 3717 G.
854 3676 895 3730 17.
913 3663 1071 3717 aesonidem
1083 3662 1135 3724 Gr·

124 3746 165 3791 ιθ.
185 3741 336 3813 [lysiphyle
353 3741 391 3805 fl.
413 3746 559 3818 Hysiphila
577 3744 646 3802 GN.
688 3735 695 3748 ⁰
752 3762 792 3816 19.
812 3747 976 3820 llypsiphile
993 3749 1031 3819 N,
1051 3749 1137 3822 Hysi-

88 3807 171 3879 pbple
189 3810 224 3870 tt,
244 3812 388 3885 Hysipbile
407 3813 444 3868 0.
531 3834 574 3871 no.
592 3817 720 3871 aemonio
742 3815 779 3872 R.
847 3834 890 3888 27.
910 3819 1004 3877 Audax
1022 3820 1073 3875 abt
1090 3822 1135 3875 ni-

88 3880 177 3931 mium
194 3880 231 3936 N.
283 3898 327 3952 ²9·
346 3881 438 3938 Multa
458 3884 555 3942 ΘΝΕ.
606 3887 650 3941 33.
669 3887 719 3941 tibi
739 3884 776 3943 N.
828 3885 930 3943 ΜΡ.
983 3891 1136 3951 iti-Multa

86 3946 156 4002 anibi
172 3964 217 4004 om
234 3971 257 4004 r.
324 3951 428 4023 perfida
444 3975 468 4012 r.
536 3958 579 4027 57.
597 3956 713 4013 attolere
730 3952 783 4015 Gr.
1114 3960 1117 3967 '
