2490 4358
94 224 144 299 rs
238 260 254 291 -.
288 198 934 317 PROPER'lllleIV.(lll.)1-t.
963 202 966 207 ’

218 407 259 469 Ut
280 404 413 469 solidum
434 414 518 465 coeto
539 406 659 467 tolleret
680 424 790 487 aggere
811 425 901 491 opus,
1033 472 1040 480 ,

177 493 216 556 Et
237 493 297 554 duo
319 493 350 551 in
373 488 537 552 adversum
557 490 646 553 missi
664 511 719 575 per
738 494 862 553 moenia
882 510 985 555 currus

216 578 262 641 Ne
282 586 409 661 possent
431 585 509 635 tacto
530 576 675 655 stringere
694 578 731 637 ab
753 579 924 653 exulatus,

140 681 166 723 st
178 664 276 726 Duxit
295 674 327 722 et
346 659 534 744 Euphratem
553 660 700 737 medium,
722 680 783 744 qua
803 660 938 725 condidit
957 679 1051 737 emes,

214 746 307 812 Iussit
327 756 356 807 et
376 743 506 828 imperio
527 743 658 809 subdere
676 744 783 807 Bactra
804 758 901 833 caput.

173 837 254 900 Nam
275 828 349 917 quid
369 851 427 909 ego
448 831 567 908 heroas,
589 829 662 913 quid
682 841 800 915 raptem
815 830 847 892 in
869 831 996 893 crimina
1016 822 1128 890 divos?

216 917 364 1003 (Iuppiter
382 916 511 976 infamat
529 936 624 999 seque
644 936 792 1001 suamque
809 916 952 994 domum)

175 1002 273 1085 Quid,
294 999 388 1062 modo
408 1020 486 1085 quae
505 1001 617 1062 nostris
637 1002 797 1085 obprobria
817 1005 938 1065 rexerit
958 997 1053 1063 armi·

141 1110 169 1153 so
216 1088 255 1150 Et
274 1087 406 1147 famulos
427 1086 506 1147 inter
524 1086 641 1146 femina
660 1087 730 1147 trita
751 1084 849 1149 suos?
1122 1082 1124 1087 ’

174 1173 320 1252 Coniugis
341 1170 464 1232 obsceni
483 1172 615 1254 pretium
635 1168 775 1232 Romana
795 1170 934 1256 poposcit

219 1257 344 1320 llloenia
365 1266 396 1317 et
416 1254 552 1317 addictos
572 1256 605 1318 in
625 1276 681 1317 sua
701 1276 793 1334 regna
814 1266 925 1340 patres.

173 1344 276 1410 Noxia
296 1339 495 1416 Alexandria,
518 1340 596 1403 dolis
618 1341 773 1425 aptissima
794 1343 895 1417 tellus,

216 1427 255 1490 Et
274 1428 386 1489 totiens
407 1437 512 1487 nostro
532 1424 674 1510 Memphi
695 1437 817 1487 cruenta
834 1426 929 1502 malo,

139 1515 252 1578 ssTres
270 1513 324 1573 nbi
343 1511 493 1595 Pompeio
516 1509 647 1573 detraxit
667 1513 780 1572 harena
800 1506 988 1593 triumphos!

109 1604 113 1609 '
212 1598 315 1660 Tollet
335 1598 417 1657 nulla
440 1596 505 1658 dies
525 1597 603 1658 hanc
624 1595 688 1674 tibi,
708 1593 819 1674 Roma,
839 1606 956 1657 notam.

171 1685 271 1767 Issent
291 1683 459 1760 Phlegraeo
480 1682 592 1743 melius
610 1679 667 1743 tibi
687 1683 793 1744 funera
813 1700 936 1764 campo,

213 1769 273 1830 Vel
292 1778 346 1827 tua
367 1766 394 1827 si
413 1785 517 1829 socero
539 1768 617 1835 colla
637 1765 761 1828 daturos
781 1785 859 1828 eras.

175 1853 299 1916 Scilicet
319 1850 427 1912 incesti
446 1851 594 1912 meretrix
613 1851 718 1928 regina
739 1847 858 1934 Canopi

114 1946 170 1995 'ro
218 1936 299 2017 (Una
319 1935 479 2017 Philippeo
502 1935 650 2012 sanguine
672 1934 780 1994 adusta
800 1931 889 2011 notu)
1066 1998 1070 2013 ,

173 2026 261 2088 Ausa
283 2017 352 2080 lori
372 2029 476 2080 nostro
495 2020 657 2080 latrantem
678 2038 832 2103 opponere
851 2018 1002 2097 Anubim,

213 2106 253 2167 Et
273 2103 410 2181 Tiberim
430 2100 494 2165 Nili
514 2123 622 2183 cogere
642 2105 721 2165 serre
740 2102 851 2182 minas,

171 2192 408 2273 Romanamque
428 2190 535 2249 tubam
555 2188 713 2273 crepitanti
734 2188 846 2271 pellere
867 2189 967 2272 sistro,

214 2276 343 2337 Baridos
365 2285 396 2336 et
415 2275 513 2336 contis
532 2285 630 2335 rostra
651 2271 789 2335 Liburna
809 2278 908 2359 sequi,
1032 2338 1036 2345 ,

133 2361 335 2444 rtFoedaque
356 2358 490 2442 Tarpeio
512 2359 639 2444 conopia
660 2357 785 2420 tendere
806 2380 893 2438 saxo,
966 2354 970 2362 ⁴

209 2446 280 2509 Iura
302 2446 374 2506 dare
396 2456 426 2505 et
445 2456 560 2506 statuas
579 2444 659 2506 inter
678 2456 710 2505 et
730 2463 813 2505 arma
831 2443 921 2506 illari.
1035 2520 1038 2527 Ι

171 2532 255 2614 Quid
275 2552 355 2592 nunc
376 2528 535 2612 Tarquinii
553 2532 662 2590 fractas
681 2528 768 2590 iuvat
787 2548 856 2592 esse
875 2550 1005 2613 secures,

211 2616 345 2678 Nomine
367 2635 460 2696 quem
483 2614 577 2675 simili
597 2614 662 2677 rita
682 2632 717 2675 su
742 2616 812 2675 erbe
831 2625 927 2693 notat,
1068 2668 1071 2677 .

173 2700 208 2762 si
225 2702 336 2760 mulier
356 2696 500 2780 patienda
520 2697 599 2758 suit?
621 2718 703 2781 cape,
721 2636 835 2776 ltoma,
857 2700 1058 2785 triumphum,

76 2818 79 2827 ·
142 2788 169 2840 ro
217 2783 258 2845 Et
278 2786 405 2861 longum
425 2781 567 2859 Augusto
591 2783 677 2843 salva
697 2804 818 2865 precare
839 2782 933 2861 diem.

172 2868 290 2948 Fugisti
309 2880 415 2929 tamen
436 2865 468 2928 in
489 2864 590 2929 timidi
611 2888 691 2945 vaga
710 2868 838 2929 flumina
857 2865 941 2933 Nili:

214 2954 368 3036 Accepere
388 2964 461 3025 tuae
481 2948 615 3013 Romula
636 2953 738 3014 vincla
759 2974 882 3016 manus.

171 3037 300 3100 Brachia
322 3038 458 3123 spectavi
478 3037 570 3099 sacris
592 3037 734 3099 admorsa
756 3039 896 3116 colubris,

213 3120 252 3184 Et
270 3127 389 3186 trahere
411 3125 561 3185 oecultum
582 3125 721 3205 membre
742 3125 861 3209 soporis
881 3122 948 3186 iter.

103 3396 108 3403 .
160 3344 204 3412 ss,
222 3346 265 3402 23.
282 3347 317 3401 Et
334 3344 390 3401 driu
407 3349 446 3404 N.
545 3344 633 3399 missit
657 3366 686 3403 r,
709 3340 786 3395 misit
804 3340 836 3398 P.
938 3342 980 3398 24.
1000 3340 1055 3397 Nec
1071 3338 1123 3397 Νι.

125 3416 169 3468 25.
189 3416 320 3469 eufratem
342 3417 377 3470 R.
480 3412 521 3467 25.
542 3432 650 3481 surgere
669 3408 763 3467 GNIl.
843 3406 1120 3481 27.erimineGNr.

124 3481 165 3539 3¹.
185 3485 307 3539 obscenis
324 3503 360 3552 pr
378 3490 415 3541 N.
521 3486 564 3538 32.
582 3486 611 3536 in
629 3500 676 3536 sua
695 3483 755 3533 iura
775 3476 811 3531 G.
913 3480 1127 3537 §salemonis

92 3547 122 3600 N
138 3573 151 3602 r
167 3567 194 3604 er
211 3572 306 3626 margo
326 3552 370 3606 G:
393 3552 574 3607 alexandriam
602 3553 646 3619 G,
667 3548 842 3604 alexandrina
863 3546 894 3604 P.
983 3551 1025 3603 35.
1046 3566 1125 3615 porn-

91 3620 152 3689 peia
170 3642 192 3675 r.
295 3627 337 3681 (ιο.
362 3622 515 3695 philippeiu
540 3642 563 3679 r.
664 3619 790 3688 sanguini
806 3617 836 3671 P.
922 3620 965 3674 41.
985 3619 1065 3672 Musa
1086 3618 1123 3672 G.

126 3692 170 3744 44.
187 3691 332 3747 comtisG.
400 3696 444 3757 45.
463 3692 564 3763 tarpeio
576 3712 597 3744 r.
682 3684 917 3759 canopeiaGNll.
1001 3684 1043 3742 46.
1063 3685 1127 3738 dare

92 3766 119 3810 et
139 3759 175 3811 P.-
189 3759 264 3814 daret
280 3783 302 3822 r,
319 3761 383 3813 dare
400 3760 466 3816 GN.
556 3770 583 3813 et
598 3762 739 3827 posterius
752 3775 796 3810 om
816 3754 855 3812 G.
944 3770 987 3823 47.
1003 3754 1127 3826 tarquini

92 3827 159 3951 {last
178 3829 260 3952 dg36
278 3847 332 3883 non
348 3842 478 3952 conatur..
529 3831 572 3896 68.
589 3845 658 3899 quae
675 3831 713 3884 Ν.
781 3826 826 3881 5ι.
844 3821 941 3879 tumidi
951 3822 988 3878 G.
1056 3824 1124 3879 vada

122 3927 132 3949 ο
232 3915 367 3953 camon·
416 3935 425 3953 ι
