2490 4358
294 262 551 355 erearum
579 262 674 347 ou.
700 259 746 339 v.
774 260 882 369 (ιιι.)Ι
899 272 958 340 u.
1046 328 1054 342 .,
1085 261 1161 365 ιιι

178 451 291 518 Testor
311 449 468 518 maiorum
489 447 607 512 cineres
627 445 695 525 tibi,
717 441 834 521 Roma,
856 441 1023 535 verendo,
1072 528 1080 539 1
1135 528 1137 532 Ι

220 538 285 602 Sub
308 557 442 619 quorum
461 534 573 610 titulis,
595 530 713 610 Africa,
734 542 825 598 tonsa
845 529 938 606 iaces,
964 586 967 592 .
991 573 994 576 <

178 624 218 687 Et
239 623 356 686 Persen
378 621 492 707 proavi
512 620 715 687 simulantem
736 626 844 702 pectus
865 613 1011 694 Achillis,

144 725 172 773 so
222 706 350 791 Quique
370 718 443 768 tuas·
459 721 598 791 proavus
617 704 718 784 fregit,
738 699 875 775 Achille,
898 699 1023 791 domos,

177 792 232 857 Me
253 811 357 879 neque
376 811 524 858 censurae
544 792 656 869 legem
671 786 824 859 mollisse,
845 807 904 855 nec
924 787 989 856 ulla

222 875 313 939 Labe
333 897 405 944 mea
424 887 547 946 vestros
567 875 730 945 erubuisse
751 874 851 940 focos.

177 963 250 1026 Non
270 963 330 1023 fuit
351 962 477 1024 exuviis
498 961 591 1029 tantis
612 957 756 1027 Cornelia
777 956 939 1036 damnum,
1065 1037 1066 1040 Ἴ

224 1045 310 1127 Quin
332 1056 398 1114 erat
418 1057 450 1108 et
469 1065 603 1126 magnae
623 1065 695 1134 pars
716 1041 869 1113 imitanda
890 1042 1017 1114 domas.

143 1148 170 1191 a
182 1131 247 1197 Nec
267 1151 340 1193 mea
361 1141 480 1199 mutata
503 1143 552 1200 est
571 1141 667 1208 aetas,
690 1130 758 1199 sine
780 1129 910 1199 crimine
929 1141 996 1202 tou
1016 1144 1081 1210 ortt

221 1217 371 1281 Viximus
392 1217 533 1296 insignes
553 1216 638 1284 inter
657 1225 825 1298 utromque
844 1215 957 1286 facem.

183 1301 361 1373 Minatura
384 1301 470 1364 dedit
487 1304 577 1382 leges
598 1320 616 1362 a
637 1301 790 1380 sanguiue
810 1296 927 1383 ductas,

34 1430 38 1455 .
106 1436 108 1443 ι
221 1386 270 1453 Ne
291 1405 424 1472 possem
440 1388 556 1450 melior
573 1385 685 1449 iudicis
707 1405 778 1449 esse
799 1396 897 1454 metu.

183 1472 352 1553 Quaelibet
375 1484 513 1536 austeras
536 1471 575 1535 de
596 1493 650 1534 me
670 1475 750 1534 ferat
771 1489 850 1538 urna
871 1472 1021 1552 tabellasr
1054 1530 1061 1543 „

147 1564 175 1609 ⁸⁰
224 1559 362 1644 Turpior
382 1579 509 1621 assessu
531 1579 596 1620 non
617 1557 675 1620 erit
695 1559 761 1619 ulla
781 1576 866 1634 meo,
901 1610 904 1615 ,
1025 1556 1030 1564 “

180 1643 242 1707 Vel
263 1656 312 1723 tu,
331 1664 412 1728 qaae
431 1643 552 1711 tardam
574 1642 707 1711 movisti
725 1645 801 1704 fune
822 1638 981 1732 Cybeben,

228 1728 369 1811 Claudia,
391 1730 518 1797 turritae
538 1749 607 1795 rara
627 1728 772 1797 ministra
794 1725 883 1805 deae,

180 1813 243 1877 Vel
265 1816 324 1892 coi,
347 1815 533 1881 commissos
553 1835 626 1882 cum
646 1813 745 1881 Veste
765 1825 943 1901 reposceret
963 1815 1064 1909 lgna,

19 1969 21 1973 ,
228 1898 382 1967 Exhibuit
403 1901 498 1968 viros
520 1903 665 1967 carbasus
686 1901 756 1962 alba
778 1901 878 1967 focos.
937 1922 939 1927 ¹

147 1997 173 2038 ⁵⁶
186 1982 251 2049 Nec
271 1998 313 2064 te,
336 1984 427 2051 dulce
449 1996 551 2070 caput,
572 1996 674 2052 mater
696 1983 869 2060 Scribonia,
892 1983 990 2056 laesis
1052 2024 1055 2031 ·

55 2082 57 2086 ‘
225 2070 264 2136 In
284 2091 338 2132 me
357 2082 516 2139 mutatum
536 2071 612 2155 quid
633 2069 695 2133 nisi
714 2073 778 2132 fata
799 2069 901 2133 velis?

200 2153 353 2219 Maternis
373 2157 486 2218 laudor
506 2157 642 2218 lacrimis
657 2157 809 2238 *urbisque
830 2153 978 2238 querelis,
1002 2235 1004 2238 y

226 2240 367 2302 Defensa
389 2251 420 2303 et
442 2241 561 2320 gemitu
584 2239 728 2302 Caesaris
750 2259 821 2301 ossa
839 2261 925 2303 mea·

185 2320 246 2387 Ille
269 2345 325 2386 sua
346 2336 419 2385 nata
438 2326 565 2405 dignam
587 2324 708 2388 vixisse
730 2344 870 2392 sororem

152 2419 182 2496 (ιι
229 2408 380 2494 Increpat,
404 2420 435 2471 et
455 2412 600 2475 lacrImas
621 2409 760 2473 vidimus
780 2409 827 2477 ire
849 2409 920 2479 dee.

186 2490 227 2562 Et
247 2506 355 2565 tamen
376 2497 495 2557 emerui
517 2517 687 2576 generosos
709 2495 806 2561 vestis
827 2497 976 2579 honam,
1026 2548 1029 2555 .

137 2608 140 2613 ¹
226 2578 292 2648 Nec
312 2601 385 2643 mea
406 2580 446 2643 de
469 2583 566 2645 sterili
587 2586 666 2642 facta
688 2582 796 2666 rapina
817 2580 925 2652 domo.
966 2591 970 2603 ’

187 2659 247 2742 Tu,
270 2663 401 2751 Lepide,
424 2677 456 2729 et
476 2679 521 2744 tu,
545 2666 667 2745 Psalle,
700 2688 808 2732 meum
829 2681 902 2751 post
925 2670 989 2737 lata
1010 2674 1166 2771 lemen,

231 2748 362 2819 Condita
383 2763 459 2814 sunt
476 2764 586 2816 vestro
609 2753 729 2820 lumina
751 2763 858 2833 nostra
877 2756 959 2822 sinu.

153 2844 179 2886 ⁰⁵
192 2835 342 2900 Vidimus
364 2848 395 2899 et
417 2841 544 2907 fratrem
568 2840 680 2900 sellam
701 2839 880 2918 geminasse
901 2844 1051 2929 curulem,

233 2919 370 2987 Consule
392 2943 454 3005 quo
476 2925 562 2988 facto
586 2934 729 3008 tempore
752 2936 838 3009 rapta
858 2946 957 2990 soror.

189 3007 279 3086 Filia,
300 3020 334 3069 tu
356 3009 515 3091 specimen
546 3029 697 3074 censurae
716 3020 788 3070 nata
809 3021 968 3094 paternae,

135 3096 138 3103 '
232 3093 294 3155 Fac
314 3105 422 3158 teneas
444 3114 544 3158 unum
565 3113 623 3158 nos
645 3094 766 3160 imitata
787 3097 902 3176 virum,
933 3120 936 3127 ·

86 3200 89 3205 ·
191 3176 232 3239 Et
253 3174 333 3240 serie
354 3179 461 3245 i'ulcite
483 3199 598 3259 genus:
619 3179 701 3245 mibi
723 3183 834 3260 cymba
856 3185 978 3256 volenti

157 3264 186 3305 ⁷⁰
234 3260 376 3331 Solvitur
397 3266 529 3333 aucturis
550 3276 598 3326 tot
618 3285 689 3326 mea
712 3267 775 3326 fata
797 3269 907 3337 malls,

190 3344 277 3416 Haec
299 3361 346 3426 eal
366 3350 496 3418 feminei
517 3371 637 3414 merces
659 3362 799 3413 extrema
821 3354 981 3441 triumphi,

233 3431 358 3507 Laudat
379 3437 434 3502 ubi
453 3438 621 3504 emeritum
639 3437 736 3503 libera
757 3441 841 3500 fama
860 3461 984 3522 rogum.

180 3585 224 3655 ll,
242 3592 286 3655 57.
305 3592 391 3653 Teate
412 3590 451 3648 G.
519 3592 653 3648 colendos
670 3592 708 3646 fl.
783 3597 826 3650 38.
846 3607 926 3654 tunsa
944 3596 982 3658 u.
1059 3602 1171 3669 donti-

111 3655 277 3712 mallantcm
296 3683 317 3720 r.
356 3709 359 3714 .
413 3677 456 3732 42.
476 3674 581 3718 vestros
601 3663 775 3722 Gcoostros
794 3665 831 3720 R.
923 3670 967 3721 44.
986 3677 1171 3736 steretmt

111 3741 187 3781 eram
207 3727 237 3781 P.
324 3733 367 3791 48.
386 3731 443 3784 Nec
458 3735 549 3801 possis
567 3757 588 3793 r.
683 3732 726 3787 50.
746 3735 871 3804 Turpius·
895 3734 932 3797 G,
949 3733 980 3806 f.
1000 3737 1122 3797 Tristior
1140 3741 1171 3800 P.

145 3813 257 3860 assensu
276 3797 314 3860 R,
331 3819 460 3854 asscensu
480 3802 517 3858 0.
605 3805 647 3856 5ι.
666 3804 708 3857 Ve
726 3812 757 3856 tu
776 3803 813 3858 G.
900 3805 1005 3875 cylrclle
1025 3808 1063 3876 G,
1080 3828 1095 3864 c
1114 3810 1171 3865 bel·

111 3862 165 3916 leur
185 3865 216 3927 P,
232 3868 357 3927 cibcllcm
376 3892 398 3928 r.
472 3874 516 3926 55.
535 3872 717 3933 oratoriar.
804 3873 847 3931 56·
867 3874 941 3946 quod
960 3897 981 3938 r.
1070 3830 1113 3935 fiir.
1131 3881 1171 3937 'l'e

82 3946 140 3984 ·et
157 3944 183 3985 tc
201 3935 241 3993 Β.
309 3941 352 3994 64.
372 3941 486 3993 numios
505 3963 529 3999 r.
600 3952 688 3997 vestra
710 3940 748 3998 G.
817 3946 864 4014 67.
879 3946 1050 4016 ametur.
1114 3963 1192 3995 w·-

110 4012 139 4057 ta
156 4002 194 4077 tt,
263 4005 310 4079 69.
327 4011 418 4066 cimba
440 4007 508 4069 Gli.
578 4025 626 4086 70.
642 4012 779 4067 aucturis
794 4033 848 4087 ι.
1123 4025 1126 4030 ⁴
