2490 4358
176 148 186 175 ρ
239 214 609 295 chorearum.
635 215 891 313 lv.(111.)‚10.
921 235 980 297 11.
1076 229 1124 299 77

218 402 258 465 Et
278 404 399 465 crocino
419 400 500 463 naris
520 421 661 465 murreus
680 412 775 483 ungat
792 422 884 480 onyx.

175 489 264 551 Tibia
284 488 438 552 nocturnis
460 490 635 549 succumbat
652 506 744 549 rauca
765 490 893 568 choreis,

215 574 255 635 Et
275 576 336 636 sint
355 572 509 656 nequitiae
530 572 626 635 lihera
646 574 741 633 verba
761 585 844 652 tuae,

141 672 166 711 2⁶
181 654 349 743 Dulciaqne
367 660 501 735 ingratos
522 656 659 719 adimant
679 659 821 720 convivia
843 678 980 741 somnos,
1060 730 1063 735 ⁸

217 744 340 805 Publica
359 743 478 804 vicinae
497 754 665 827 perstrepat
684 762 756 803 aura
776 744 857 805 viae.

177 825 224 888 Sit
243 850 308 891 sors
328 837 360 890 et
379 825 469 887 nobis
487 828 621 888 talorum
639 828 803 911 interprete
823 829 912 906 iactu,

216 909 320 991 Quem
340 914 482 990 gravibus
504 913 613 994 pennis
634 914 773 974 verberet
790 914 843 973 ille
863 934 949 997 puer.

177 992 256 1058 Cum
275 999 366 1059 fuerit
385 996 491 1057 multis
512 1007 618 1056 exacta
636 995 795 1059 trientibus
815 1000 901 1077 hora,

143 1077 181 1132 aa*
222 1080 327 1143 Noctis
349 1093 380 1141 et
399 1082 537 1142 instituet
557 1099 641 1153 sacra
662 1082 800 1143 ministra
820 1082 937 1156 Venus,

175 1166 289 1227 Annua
309 1167 467 1227 solvamus
487 1166 623 1227 thalamo
644 1167 806 1227 sollemnia
827 1181 940 1246 nostro,
988 1229 992 1237 ,

216 1250 393 1335 Natalisque
414 1250 458 1312 tui
479 1250 522 1313 sic
542 1271 723 1337 peragamus
742 1253 810 1316 iter.

116 1471 155 1535 11
232 1465 286 1530 aid
305 1467 426 1540 mirare,
449 1489 552 1531 meam
572 1468 600 1532 si
620 1481 722 1535 versat
742 1468 858 1532 iernina
877 1469 976 1532 vitam

214 1553 255 1615 Et
274 1556 366 1615 trahit
384 1553 538 1614 addictum
559 1558 614 1616 sub
636 1577 692 1618 sua
711 1558 776 1617 iura
796 1557 909 1634 virum,

65 1702 68 1711 ,
177 1636 372 1722 Criminaque
394 1640 499 1716 ignavi
520 1641 624 1723 capitis
645 1641 723 1701 mihi
743 1641 841 1724 turpia
861 1641 962 1720 fingis,

220 1722 314 1802 Quod
330 1743 484 1805 nequeam
503 1726 597 1784 fracto
618 1734 760 1808 rumpere
780 1725 880 1786 vincla
900 1725 999 1805 iugo?

154 1826 166 1863 ⁵
182 1808 353 1872 Venturam
373 1809 484 1869 melius
504 1811 655 1891 praesagit
674 1810 777 1870 navita
798 1821 940 1888 mortem,

217 1893 402 1955 Vulneribus
423 1892 526 1953 didicit
546 1895 636 1956 miles
656 1896 771 1955 habere
791 1906 922 1959 metum.

174 1976 236 2041 Ista
255 1999 312 2059 ego
331 1978 493 2063 praeterita
510 1978 622 2040 iactavi
641 1981 734 2041 verba
755 1979 898 2041 iuventa:

213 2062 265 2125 'l'u
287 2084 367 2125 nunc
388 2064 531 2146 exemplo
553 2063 636 2125 disce
655 2065 765 2126 timere
785 2084 868 2127 meo.

140 2162 144 2173 '
177 2145 299 2211 Colchis
318 2148 473 2225 flagrantis
493 2146 686 2209 adamantina
707 2150 763 2210 sub
785 2150 857 2228 iuga
875 2159 979 2211 muros

143 2244 171 2283 ¹0
221 2232 293 2310 Egit
314 2242 345 2292 et
364 2231 511 2307 armigera
531 2234 645 2314 praelia
667 2234 747 2294 sevit
766 2234 873 2310 harno,

176 2314 379 2398 Custodisque
399 2316 480 2374 feros
501 2315 607 2376 clausit
625 2317 772 2400 serpentis
792 2318 908 2395 hiatus,

212 2398 275 2461 Iret
294 2409 329 2479 ut
349 2397 501 2459 Aesonias
522 2418 615 2460 aurea
636 2401 707 2460 lana
728 2401 847 2463 domos.

175 2482 262 2545 Ausa
281 2486 372 2543 ferox
393 2484 429 2542 ab
452 2502 531 2565 equo
553 2483 709 2565 quondam
728 2488 903 2570 obpugnare
923 2487 1041 2568 sagittis

217 2568 349 2630 lllaeotis
369 2564 512 2628 Danaum
532 2567 726 2631 Penthesilea
745 2580 842 2650 rates3

140 2651 280 2716 rsAurea
303 2654 353 2714 cui
373 2663 534 2737 postquam
556 2654 684 2718 nudavit
704 2655 820 2718 cassida
841 2657 985 2735 frontem,
1074 2680 1079 2693 ·

215 2739 297 2802 Vicit
316 2738 464 2801 victorem
486 2738 613 2800 candida
632 2742 730 2800 forma
751 2741 864 2802 virum.

174 2820 330 2910 Omphale
350 2822 383 2883 in
399 2834 518 2883 tantum
538 2826 655 2886 formae
676 2827 823 2908 processit
840 2828 1003 2904 honorem,

216 2908 320 2991 Lydia
341 2904 468 2986 Gygaeo
488 2909 580 2968 tincta
601 2910 800 2991 puellulam,

176 2992 226 3067 Ut,
250 2995 303 3076 qui
323 3006 429 3076 pacato
449 2992 604 3052 statuisset
623 2994 655 3051 in
678 2994 751 3053 orbe
772 2994 940 3068 columnas,

139 3094 168 3135 ao
220 3076 300 3139 Tam
322 3076 397 3136 dura
415 3077 550 3137 traheret
567 3077 673 3136 mollia
693 3095 787 3159 pensa
808 3098 913 3136 rnanu.

175 3162 338 3225 Persarum
358 3160 463 3222 statuit
482 3156 640 3241 Babylona
660 3158 839 3225 Semirams
859 3163 977 3238 urbem,

163 3392 208 3458 10,
224 3401 267 3451 aa.
286 3389 481 3461 crocynonaria
497 3390 540 3455 N,
555 3368 667 3447 crocino
683 3408 762 3448 nares
781 3386 849 3445 GR.
950 3388 1067 3443 miraeus
1085 3386 1124 3443 G.

128 3471 171 3529 24.
188 3462 245 3514 sino
264 3458 300 3516 G.
397 3461 438 3520 25.
456 3470 510 3530 que
526 3474 571 3513 om
587 3460 624 3518 N.
721 3462 764 3519 26.
781 3477 829 3516 era
846 3460 882 3523 R,
893 3458 924 3533 f.
942 3477 1008 3543 aurp
1026 3458 1057 3510 P.

94 3550 138 3655 pp.
154 3528 402 3656 isig‘ffltepss'a
456 3536 530 3585 tactu
546 3551 571 3584 r.
671 3534 714 3589 ar.
731 3528 853 3585 thalamo
872 3538 899 3585 et
913 3544 1019 3583 somma
1036 3546 1059 3582 r·

163 3673 211 3733 11,
235 3688 260 3722 2.
277 3669 396 3724 edictum
414 3664 450 3726 G.
550 3681 577 3750 ,4⁸
603 3677 740 3740 nequeant
755 3688 777 3724 r.
874 3668 899 3723 5.
909 3663 939 3738 f.
963 3644 1073 3748 noctem
1091 3660 1124 3716 Ρ.
1206 3636 1214 3651 ³

127 3754 154 3805 7.
170 3754 234 3807 ergo
257 3737 293 3790 G.
375 3756 401 3808 9.
419 3734 570 3821 flagrantius
588 3734 621 3789 P.
720 3746 761 3797 ra.
778 3738 832 3792 lter
847 3756 867 3791 r.
955 3751 1065 3819 oxonias
1083 3728 1121 3785 ⁶.

131 3806 171 3859 13.
188 3807 304 3860 condam
323 3804 361 3861 G.
458 3804 709 3915 14.lnrectravGIl.
812 3820 852 3877 ιγ.
870 3802 1018 3877 Omphahe
1034 3822 1058 3856 r.

96 3926 137 3981 rt.
154 3924 221 3978 tinta
239 3923 275 3981 G.
344 3942 387 3980 ao.
405 3923 493 3979 Tanta
508 3942 532 3980 r.
600 3926 662 3983 dira
677 3930 714 3980 N.
752 3897 755 3903 Ι
782 3942 825 3983 ar.
842 3940 915 3979 noua
931 3923 1023 3995 elegia
1039 3942 1063 3977 r.
1102 3942 1115 3969 '-
