2490 4358
105 157 156 237 eo
300 130 554 235 raoraarn
576 157 672 235 nm
695 159 862 258 naor.)
884 176 985 241 αα,-

229 343 323 427 Quod
344 342 475 429 quaeris.
497 364 591 429 quare
611 365 674 407 non
694 345 789 409 habet
808 349 888 411 ullos
909 367 1015 413 amon·

147 449 173 492 aa
192 435 254 501 Cur
273 428 382 513 aliquis
404 428 496 493 saeris
517 430 613 491 laniat
634 450 690 492 sua
710 433 832 493 brachia
853 435 956 498 cultris

227 520 267 582 Et
285 517 415 597 Phrygis
435 516 560 577 ius'ar'roa
576 513 715 577 'caeditur
734 515 774 578 ad
794 521 966 586 numeros?

185 607 247 671 Uni
268 603 376 686 cuique
397 598 613 665 dedit'ritium
632 611 742 663 natura
762 615 879 666 creato:
910 678 913 685 .
1012 614 1016 619 '

188 680 195 697 ’
228 690 274 753 llli
295 691 417 748 fortuna
437 682 552 767 aliquid
573 705 695 769 semper
716 705 819 750 amare
840 688 934 756 dedit.

186 776 239 840 Ille
259 775 331 836 licet
351 782 383 834 et
396 768 572 848 Thamyrae
592 771 722 835 cantoris
741 771 804 833 fata
824 787 999 860 sequantur,

152 878 180 920 ao
231 861 410 943 Numquam
430 853 470 916 ad
490 857 652 929 formosas,
673 855 788 936 invide,
811 879 917 924 caecus
938 856 1003 928 e'ro.

189 945 252 1009 Sed
270 943 328 1006 tibi
347 942 374 1003 si
395 941 493 1002 exiles
514 938 622 1002 videor
640 951 784 1004 tenuatus
804 943 838 1004 in
859 957 950 1027 artus,

227 1027 370 1094 Falleris:
391 1024 476 1086 haud
496 1042 645 1109 umquam
666 1037 714 1088 est
734 1027 813 1088 culta
834 1029 939 1094 labore
957 1031 1081 1100 Venus·

187 1115 370 1181 Percontere
389 1112 476 1174 licata
498 1130 590 1193 saepe
611 1119 659 1172 est
679 1123 806 1196 experta
826 1116 929 1197 puella

228 1198 375 1278 Officium
395 1205 459 1256 tota
479 1205 568 1257 nocte
588 1197 692 1257 valere
711 1216 829 1259 meum.

146 1303 173 1344 aa
187 1283 224 1349 Iu
247 1287 325 1370 piter
344 1277 514 1347 Alcmenae
535 1278 675 1360 geminas
694 1282 887 1364 requieverat
904 1282 1027 1369 Arctos,

224 1309 406 1434 iit-caelum
426 1375 517 1426 noctu
538 1363 586 1426 bis
607 1365 675 1427 siue
695 1382 767 1446 rege
787 1368 864 1430 fulta
916 1405 918 1409 ·
1069 1436 1077 1451 x

184 1457 248 1524 Nec
267 1466 374 1515 tamen
392 1446 503 1512 idcirco
523 1445 672 1528 languens
693 1449 732 1512 ad
751 1453 882 1516 fulmina
901 1457 997 1520 venit.

224 1541 336 1607 Nullus
357 1555 445 1597 amor
464 1534 546 1597 vires
567 1535 657 1621 eripit
675 1534 742 1620 ipse
763 1558 845 1601 suas.

184 1624 292 1711 Quid?
315 1643 386 1685 cum
407 1626 425 1683 'e
446 1621 609 1705 complexu
630 1619 788 1685 Briseidos
800 1623 866 1702 *iret
885 1620 1036 1706 Achilles,

149 1729 178 1773 aa
229 1711 313 1776 Num
335 1711 441 1786 fugere
461 1706 564 1773 minus
585 1704 737 1770 Thessala
754 1708 817 1771 tela
836 1707 998 1789 Phryges?
1018 1741 1022 1753 ¹

83 1849 86 1855 .
180 1795 292 1882 Quid?
311 1798 395 1856 feras
415 1788 654 1853 Andromachae
673 1793 753 1853 le'cto
774 1814 844 1855 cum
863 1806 1001 1874 surgeret
1013 1790 1145 1878 'Hectora

122 1894 124 1899 ’
223 1875 311 1949 Bella
330 1877 520 1956 Mycenaeae
537 1897 602 1936 non
621 1874 752 1938 timuere
773 1877 877 1941 rates?

181 1971 240 2038 Ille
260 1966 313 2026 rel
332 1962 383 2023 hic
405 1959 518 2022 classes
538 1971 658 2042 poterat
677 1961 729 2022 rel
749 1961 875 2045 perdere
892 1983 1015 2030 muros·
1073 2036 1076 2047 ,
1162 2029 1167 2040 ,

106 2099 110 2108 ,
223 2052 283 2114 Hic
303 2043 516 2126 ego'l'elides,
536 2045 587 2104 hic
606 2046 689 2107 ferus
709 2044 823 2106 Hector
843 2066 913 2127 ego.

148 2157 173 2201 ³⁵
185 2137 298 2221 Aspice
319 2131 364 2192 uti
384 2131 468 2191 caelo
489 2128 586 2191 modo
607 2131 655 2192 sol
673 2129 769 2191 modo
790 2132 864 2193 luna
884 2132 1056 2199 ministret:

51 2218 55 2225 '
224 2222 277 2285 Sic¹
295 2219 389 2281 etiam
409 2214 499 2277 uobis
519 2234 581 2275 uua
601 2215 706 2299 puella
725 2236 835 2301 parum
855 2229 914 2287 est.

181 2309 288 2376 Altera
308 2322 360 2365 me
380 2299 498 2386 cupidis
518 2310 622 2362 teneat
639 2303 805 2386 foveatque
826 2304 959 2386 lacertis,

223 2395 331 2456 Altera
352 2386 523 2471 siquando
545 2387 610 2448 non'
629 2387 702 2449 sinit
722 2390 926 2470 essetecum,

183 2478 250 2543 Aut
271 2478 298 2539 si
317 2478 395 2534 forte
415 2473 493 2539 irata
512 2494 585 2535 meo
605 2470 645 2534 sit
665 2475 743 2535 facta
763 2473 916 2551 ministro,

142 2583 170 2626 ιο
224 2563 267 2623 Ut
286 2560 361 2622 sciat
381 2576 450 2619 esse
472 2559 574 2632 aliam,
597 2577 676 2638 quae
695 2556 774 2617 velit
793 2579 863 2620 esse
882 2576 966 2632 mea.

181 2647 264 2712 Nam
283 2640 397 2703 melius
417 2639 480 2699 duo
501 2638 670 2704 defendunt
689 2639 856 2699 retinacula
876 2641 996 2722 navim,

221 2726 333 2792 Totius
354 2732 386 2782 et
405 2719 547 2800 geminos
568 2717 659 2782 anxia
679 2732 780 2783 mater
799 2721 881 2786 alit>
947 2761 950 2769 ·

180 2895 276 3020 Aut,
299 2940 326 3004 si
347 2958 383 3003 es
404 2936 487 3016 dura,
510 2954 606 3018 nega:
624 2935 676 3000 ain
697 2956 732 3002 es
752 2958 816 2999 uon
836 2935 920 3018 dura,
941 2928 1059 3005 venito·

223 3025 308 3105 Ouid
327 3024 415 3087 iuvat
434 3026 467 3086 in
487 3027 574 3107 nullo
594 3044 710 3110 ponere
731 3026 826 3087 verba
845 3021 937 3088 loco?

60 3143 61 3147 =
144 3112 242 3177 aaHic
263 3126 347 3174 unus·
367 3109 458 3172 dolor
477 3121 524 3172 est
544 3131 585 3173 ex
606 3108 752 3182 omnibus
774 3128 842 3172 acer
861 3108 988 3189 amanti,

222 3195 364 3284 Speranti
383 3194 485 3258 subito
505 3193 531 3257 si
553 3215 613 3280 qua
633 3195 742 3258 venire
761 3207 864 3276 negat·
907 3255 908 3258 ,
1057 3260 1060 3265 ,

178 3281 306 3364 Quanta
325 3280 416 3344 illum
435 3290 501 3343 toto
522 3292 650 3344 versant
669 3278 799 3367 suspiria
820 3282 910 3360 lecto,
935 3286 939 3293 '
993 3335 995 3340 .

166 3467 210 3532 22,
229 3466 270 3520 14.
289 3460 364 3534 Quid
383 3461 415 3516 P.
457 3514 460 3519 ,
515 3483 556 3536 ι..
573 3461 699 3534 thamyce
715 3460 760 3531 0.,
853 3467 897 3520 23.
915 3466 1094 3520 percunctere
1113 3466 1144 3530 Ρ,

95 3536 260 3592 Peccantem
280 3533 316 3592 0.
334 3533 514 3589 Percuoctere
560 3564 569 3587 .
619 3533 680 3592 ue.
696 3529 838 3587 alcumena
854 3534 918 3604 NP,
934 3536 1108 3590 alelrmeneae
1121 3559 1147 3591 r.

130 3605 284 3689 requireret
302 3624 336 3727 33
378 3605 422 3656 50.
440 3603 503 3656 Non
524 3606 563 3658 N.
631 3600 807 3726 ῑίἒΣιεεΙέΠὲ
841 3603 921 3726 62η.
940 3607 1011 3660 lecto
1026 3623 1146 3727 causor-

93 3685 281 3801 gdmisiuatu
296 3706 356 3797 uod
363 3682 493 3798 perlidndli
510 3676 630 3796 Mum
647 3687 725 3794 Grfl.p
789 3686 833 3801 ld.
850 3708 901 3796 vil
919 3692 1015 3797 am
1033 3709 1076 3796 4ιο.
1094 3759 1148 3798 nn·

93 3830 157 3869 aen
174 3810 214 3871 a,
319 3804 757 3868 aerumnosarum..
826 3808 872 3867 44.
896 3812 928 3865 iu
952 3807 994 3866 as
1016 3823 1045 3868 aa
1062 3809 1146 3867 GMe.

127 3882 175 3938 4⁶0
189 3881 328 3954 smil
348 3877 389 3939 o·
484 3911 486 3927 ¹
749 3906 751 3913 ⁴
980 3898 986 3908 ¹
1051 3920 1054 3925 ·
