2490 4358
264 168 523 256 rnoruaru
544 167 640 245 nn.
669 169 713 248 v.
738 170 835 267 (ιν.)
861 168 895 266 7.
922 169 958 250 a.
1057 177 1139 292 na

165 360 252 426 Pelle
271 356 421 422 hederam
443 357 577 436 tumulo,
603 356 684 426 mihi
704 377 785 444 quae
811 359 968 451 pugnante
989 357 1138 446 corymbo

128 466 156 506 su
207 443 318 509 Mollia
340 444 490 506 contortis
511 443 618 525 alligat
638 464 710 509 ossa
730 446 840 516 'cornis

161 530 307 594 Pomosis
327 527 414 592 Anio
434 548 495 613 qua
516 529 668 614 spumifer
686 530 813 593 incubat
834 529 919 594 arvis
945 605 951 621 ¹

205 614 246 678 Et
266 635 436 699 numquam
458 613 612 683 Herculeo
633 616 764 684 numine
783 617 881 700 pailet
900 617 987 694 ebur,

162 700 223 764 Hic
245 720 370 779 carmen
389 697 495 762 media
517 698 647 780 dignum
667 721 720 763 me
741 702 840 767 scribe
861 701 1022 781 columns,

204 783 268 848 Sed
288 787 394 863 breve,
413 783 498 869 quod
518 805 642 853 currens
660 796 770 849 vector
789 789 828 849 ab
850 790 927 850 urbs
946 787 1041 869 legat,
1064 816 1067 821 ·

124 863 232 935 u‘flic
252 868 417 932 Tiburtina
438 869 520 933 iacet
539 889 635 937 auree
656 868 790 952 Cynthia
810 883 906 940 terror
933 894 935 903 '

127 989 129 994 ·
201 952 345 1020 Accessit
363 955 449 1040 ripae
472 956 552 1032 laus,
573 953 711 1035 Aniene,
731 950 826 1029 tuae,⁸

74 1060 80 1081 ·=
158 1039 278 1105 Noctu
300 1059 412 1125 sperne
431 1040 493 1124 piis
513 1039 673 1102 venientia
694 1043 817 1109 somnia
839 1043 957 1128 portis:

202 1124 282 1190 Cum
302 1125 355 1210 pia
375 1136 530 1188 uenerunt
549 1126 683 1204 somnia,
703 1128 825 1212 pondus
845 1131 972 1194 habent.
1050 1204 1052 1209 ¹
1112 1202 1114 1212 χ

159 1210 259 1276 Nocte
280 1231 380 1290 vagae
400 1211 533 1273 ferimur
554 1214 633 1284 (nox
654 1213 774 1277 clausas
795 1214 905 1278 liberat
924 1213 1078 1297 umbras),

125 1314 154 1357 so
205 1296 296 1358 Errat
317 1306 351 1359 et
373 1296 492 1359 abiecta
515 1293 667 1359 Cerberus
690 1298 759 1382 ipse
779 1313 858 1361 sera.

157 1379 246 1445 Luce
265 1382 376 1445 iubent
394 1382 482 1461 leges
502 1377 645 1444 Lethaea
665 1382 705 1445 ad
726 1394 836 1464 stagna
857 1385 993 1450 reverti:
1043 1406 1046 1411 ·

197 1465 264 1533 Nos
285 1469 441 1546 vehimur,
462 1477 590 1529 vectum
609 1478 705 1529 nauta
725 1481 865 1533 recenset
881 1490 975 1535 ‘onus
1095 1490 1097 1494 ⁴

155 1550 246 1615 Nunc
265 1563 297 1615 te
317 1551 497 1636 possideant
516 1552 615 1616 aliae:
637 1574 717 1614 mox
737 1556 807 1617 sola
825 1558 958 1622 tenebo:

198 1637 325 1700 Mecum
343 1638 415 1716 eris,
436 1649 469 1701 et
490 1637 599 1702 mixtis
620 1639 744 1702 ossibus
764 1660 837 1703 ossa
850 1633 978 1703 *terami
1054 1684 1057 1690 ·

119 1716 243 1784 orHaec
262 1732 429 1807 postquam
450 1724 581 1807 querula
600 1743 726 1786 mecum
746 1727 804 1788 sub
825 1725 881 1789 lite
901 1723 1033 1813 peregit,

194 1806 279 1880 Inter
299 1809 482 1895 complexus
501 1801 619 1873 excidit
637 1811 748 1873 umbra
769 1831 869 1876 meos.

96 2025 135 2105 ..8
151 1974 278 2111 Disce,
300 2023 375 2112 quid
394 2023 553 2113 Esquilias
574 2029 633 2091 hac
653 2039 745 2091 nocte
763 2025 880 2109 fugarit
902 2044 1046 2116 aquosas,

181 2108 276 2174 ‘Cum
296 2113 400 2175 uicina
421 2115 514 2178 novis
535 2117 624 2176 turha
645 2113 777 2177 cucurrit
798 2112 889 2194 agris.
1143 2119 1144 2122 ’

153 2192 338 2260 Lanuvium
359 2199 469 2260 annosi
490 2209 581 2261 vetus
602 2209 651 2266 est
670 2200 769 2260 tutele
790 2197 942 2277 draconis,

197 2281 256 2341 Hic
278 2281 333 2342 ubi
352 2292 420 2341 tarn
440 2302 530 2344 rarae
548 2303 613 2344 non
633 2284 714 2366 perit
734 2284 811 2344 hore
831 2302 951 2364 morae,

123 2363 229 2444 sQua
251 2384 338 2428 sacer
359 2366 509 2452 abripitur
530 2387 623 2430 caeco
646 2367 813 2431 descensus
834 2367 932 2445 lustu,

38 2459 43 2465 '
196 2447 268 2526 Oua
289 2461 431 2535 penetrat
452 2449 566 2532 (virgo,
585 2453 649 2514 tals
668 2453 728 2515 iter
749 2473 844 2514 omne
865 2450 958 2539 cave)
1001 2505 1004 2519 .

154 2533 257 2598 Ieiuni
280 2538 433 2620 serpentis
453 2539 567 2615 honos,
590 2559 661 2598 cum
682 2540 797 2623 pabule
817 2537 917 2623 poscit

197 2619 314 2682 Annua
336 2633 368 2683 et
390 2641 432 2685 ex
450 2622 517 2683 ima
536 2623 627 2686 sibila
647 2633 773 2707 torquet
791 2621 938 2686 humo·¹
990 2650 992 2659 ¹

154 2703 244 2770 Talia
266 2705 421 2770 demissae
441 2710 559 2792 pallent
580 2707 621 2771 ad
642 2729 732 2772 sacra
750 2708 887 2794 puellae,

115 2809 143 2851 ro
195 2788 275 2855 Cum
297 2804 416 2856 temere
436 2793 573 2874 anguino
595 2793 730 2857 creditur
749 2814 803 2857 ore
824 2813 948 2857 manus.

152 2873 211 2938 Ille
232 2879 293 2942 sibi
312 2877 455 2941 admotas
478 2900 496 2941 a
517 2879 639 2958 virgine
659 2880 784 2964 corripit
799 2899 905 2942 escasr

153 3039 155 3043 7
194 2963 334 3044 Virginis
355 2964 387 3024 in
410 2963 525 3048 palmis
545 2963 614 3048 ipsa
636 2965 768 3026 canistra
790 2972 939 3027 tremunt.

153 3044 190 3108 Si
209 3049 324 3110 firerint
344 3058 457 3126 castae,
478 3047 612 3111 redeunt
631 3047 665 3109 in
687 3050 767 3110 colla
788 3058 966 3133 parentum,

199 3131 406 3280 Clamantpue
425 3134 577 3212 agricolae
597 3124 725 3211 ‘fertilis
746 3154 846 3196 annus
870 3122 948 3203 erit.'

90 3264 93 3270 .
123 3219 232 3282 rsHuc
253 3236 327 3280 moa
368 3220 484 3281 etonsis
507 3229 616 3281 avecta
636 3216 841 3303 estGynthia
864 3210 1007 3280 mannis}

198 3301 300 3367 Causa
320 3304 380 3365 fuit
398 3301 489 3386 Iuno,
511 3303 569 3368 sed
588 3325 681 3386 maga
702 3324 795 3369 causa
817 3302 936 3368 Venus.

142 3486 172 3552 7,
188 3486 233 3543 so.
253 3482 335 3541 Moni
352 3482 404 3543 N..
460 3491 506 3551 8¹.
523 3484 652 3539 Remuria
670 3499 699 3540 st
715 3483 839 3558 pomifer
857 3482 954 3544 GNR.
1022 3478 1065 3534 8⁵.
1082 3475 1132 3536 Set
1153 3513 1154 3517 =

72 3557 188 3611 tiburns
204 3557 274 3610 iacet
291 3553 337 3608 hic
354 3570 437 3610 cures
463 3559 502 3620 Ν,
528 3555 684 3627 Tyburtinr
710 3556 872 3622 (Tiburtino
891 3553 922 3620 P,
941 3549 1085 3624 Tyhuriur
1101 3551 1131 3619 r)

72 3625 210 3682 iacethac
227 3642 310 3678 aurea
329 3622 395 3679 GR.
414 3683 417 3687 ,
465 3625 508 3685 86.
527 3626 627 3679 enisus
644 3630 683 3690 N,
700 3644 796 3681 amens
815 3625 854 3682 G·

141 3695 169 3761 8,
191 3715 214 3749 r.
230 3693 363 3764 exquiliae
379 3693 418 3749 R.
509 3712 538 3748 2.
556 3694 626 3750 meir
644 3694 681 3751 fl.
774 3700 802 3752 3.
822 3692 979 3747 Laminium
996 3710 1020 3772 't
1038 3687 1132 3741 Lanu·

71 3765 110 3819 vii
129 3765 162 3818 P.
238 3764 371 3833 dragonis
390 3762 430 3818 0.
508 3763 537 3822 4.
556 3784 607 3820 ora
623 3765 661 3820 0.
748 3767 774 3822 8.
792 3781 848 3824 una
865 3762 917 3817 Nc.
998 3756 1090 3812 11111111
1107 3774 1130 3811 r·

88 3851 132 3904 ,9.
149 3834 243 3904 palent
259 3855 282 3891 r.
358 3834 399 3887 rt.
419 3831 582 3906 Clematan
599 3857 620 3896 r,
638 3833 766 3891 Clamant
786 3834 823 3890 G.
904 3846 944 3903 25.
961 3827 1074 3887 eduma
1091 3822 1132 3883 G·
1205 3880 1210 3889 .

106 3902 219 3977 cynthia
236 3903 271 3962 ub
292 3902 375 3962 aunis
394 3901 476 3964 Gur.
547 3907 588 3966 ro.
608 3903 674 3961 sino
692 3909 733 3965 N.
904 3928 906 3933 ·

789 3976 832 4040 R
