2490 4358
104 218 153 297 rs
325 178 925 298 communicassem.

106 406 110 416 “
149 419 178 462 so
215 388 269 465 'm
288 400 397 465 lletum
416 398 524 464 invitis
545 397 657 465 ducere
677 401 872 470 luminibus?
932 432 935 437 ·

30 552 33 559 ,
187 488 269 572 Quis
288 507 357 568 ego
368 506 450 547 nunc
470 505 577 571 pereo,
600 487 718 550 similos
738 492 914 557 moniturus
935 503 1077 559 amantes

56 618 58 627 .
118 576 127 589 ‘
225 568 269 641 ‘0
288 571 384 636 nullis
403 581 507 633 tutum
528 569 651 637 credere
672 568 852 640 blanditiis?

125 791 167 865 lb
187 738 301 873 Quae
321 793 442 854 lueram
462 790 584 872 magnis
605 792 684 857 olim
701 795 852 879 patefacte
871 794 1048 882 triumphis,

206 876 324 942 =1anua
344 874 495 963 Tarpeiae
516 890 588 941 nota
610 877 787 965 pudicitiae,

77 1032 83 1037 ,
180 960 283 1028 -Guius
303 962 438 1025 inaurati
456 963 650 1026 celebrarunt
668 964 778 1027 limina
799 985 904 1030 currus

228 1048 400 1137 Gaptorum
419 1049 555 1112 lacrimis
575 1047 705 1112 humide
726 1049 924 1136 supplicibus,

158 1132 278 1199 ‘Nunc
297 1154 367 1214 ego,
388 1133 545 1197 nocturnis
564 1145 711 1220 potorum
731 1137 835 1198 saucia
854 1136 947 1219 rixis,

226 1221 353 1289 Pulsate
371 1218 507 1299 indignis
527 1239 620 1305 saepe
640 1240 753 1306 queror
770 1220 926 1303 rnauibus,

185 1310 228 1375 Et
247 1305 328 1370 mihi
346 1326 411 1367 non
432 1304 671 1390 desuntlturpes
690 1304 826 1391 pendere
847 1310 981 1375 corollae

167 1412 180 1421 ·
230 1393 360 1476 Semper
380 1401 412 1453 et
433 1389 553 1452 exclusi
572 1391 661 1469 signa
679 1389 780 1453 iacere
800 1394 894 1475 faces.
948 1446 955 1456 ,

187 1480 252 1545 Nec
272 1497 403 1562 possum
422 1475 551 1538 infamis
571 1473 718 1538 dominae
738 1475 908 1544 defendere
927 1491 1044 1560 noctes,

152 1577 179 1620 rc
231 1561 353 1630 Nobilis
373 1561 515 1625 obscenis
535 1560 646 1625 tradita
667 1562 855 1626 carminibus

188 1650 267 1731 (Nec
286 1659 394 1710 tamen
412 1647 468 1709 illa
489 1666 563 1708 succ
584 1658 746 1711 revocatur
765 1667 890 1750 parcere
910 1653 1024 1730 minae,

230 1734 364 1819 Turpior
383 1743 416 1794 et
436 1732 530 1796 saecli
549 1730 658 1795 rivere
678 1733 833 1808 luxune)r

188 1822 255 1885 Has
275 1819 357 1881 inter
378 1819 524 1896 gravibus
546 1837 639 1895 cogor
660 1815 774 1879 deflere
791 1818 948 1901 querellis,

232 1902 385 1989 Supplicis
406 1921 424 1963 a
443 1901 545 1980 longis
565 1899 681 1963 tristior
701 1903 851 1964 excubiis.
963 1930 968 1939 ·

148 1987 245 2057 sellie
265 2008 355 2050 meos
376 2007 547 2070 numquam
568 1987 684 2070 patitur
703 1986 895 2069 requiescere
914 1995 1029 2073 postes,

231 2073 350 2154 Arguta
370 2075 506 2135 reserens
528 2070 663 2133 carmina
682 2069 840 2135 blanditis.
864 2110 866 2117 ,

189 2151 296 2224 ‘Ianua
315 2159 368 2220 vel
389 2156 517 2223 dominc
528 2157 659 2304 penitus
681 2155 833 2219 crudelior
843 2158 930 2243 ipsa,
1005 2136 1008 2141 ¹
1058 2204 1061 2208 Α

193 2268 196 2275 ·
234 2243 320 2327 Quid
340 2244 422 2309 mihi
440 2254 508 2305 tam
551 2242 612 2305 uris
633 2243 736 2306 clausa
756 2252 840 2306 taces
859 2242 1002 2307 foribus?

191 2334 253 2400 Gur
273 2351 445 2415 numquam
464 2338 597 2392 reserata
617 2348 708 2393 meos
728 2327 867 2393 admittis
888 2349 1021 2409 amores,
1130 2344 1133 2348 '

156 2442 185 2482 so
236 2418 347 2482 Nescia
368 2416 499 2478 furtivas
520 2412 650 2478 reddere
671 2425 758 2477 mota
778 2413 909 2500 preces?
1002 2488 1009 2501 Ι

190 2505 324 2569 Nullane
343 2502 415 2563 finis
436 2501 494 2561 erit
513 2511 619 2562 nostro
640 2520 785 2562 concessa
806 2498 916 2573 dolori,

234 2587 346 2650 Tristis
367 2596 398 2647 et
418 2583 578 2666 inlepido
598 2584 709 2643 limine
730 2603 860 2646 somnus
880 2584 960 2648 erit?
1046 2608 1049 2613 ·

187 2673 242 2736 Me
263 2665 387 2731 mediae
406 2675 521 2742 noctes,
542 2685 596 2726 me
617 2664 717 2726 sidera
738 2685 834 2748 prona
854 2665 1017 2750 iacentem,

157 2828 162 2833 ,
232 2751 418 2834 Frigidaque
436 2747 505 2821 Eoo
525 2768 578 2810 me
599 2747 685 2809 dolet
705 2768 778 2810 aura
798 2750 887 2828 geluc

154 2859 182 2902 m
194 2839 246 2904 Tu
266 2841 334 2902 sola
352 2838 508 2897 humanos
526 2848 699 2917 numquam
720 2833 864 2896 miserata
887 2833 1010 2905 dolores

233 2920 418 3010 Respondes
435 2919 536 2983 tacitis
555 2930 665 2981 mutua
685 2918 868 2984 cardinibus.

195 3012 227 3077 Ο
247 3012 369 3073 utinam
387 3008 513 3071 traiecta
535 3025 611 3068 cara
630 3023 703 3068 moa
723 3007 834 3069 rocula
854 3007 934 3069 rima

237 3098 402 3162 Percussus
422 3092 568 3155 dominae
589 3102 690 3154 vertat
708 3092 742 3154 in
762 3091 929 3157 auriculas!

198 3184 246 3249 Sit
265 3184 339 3245 licet
357 3191 390 3243 et
409 3198 488 3245 saxo
508 3176 673 3262 patientior
692 3176 746 3259 illa
768 3175 890 3258 Sicano,

163 3286 191 3326 so
245 3266 293 3331 Sit
314 3268 439 3352 licetet
459 3267 541 3327 ferro
563 3262 669 3327 durior
688 3275 722 3327 et
740 3264 889 3346 chalybe:

194 3355 266 3433 Non
286 3365 392 3415 tamen
413 3352 467 3413 illa
487 3370 561 3412 suos
581 3349 696 3434 poterit
717 3369 913 3433 compescere
933 3354 1058 3434 ocellos,

240 3439 351 3518 Surget
372 3447 403 3496 et
422 3436 530 3497 invitis
552 3435 677 3519 spiritus
697 3434 730 3495 in
751 3435 896 3498 lacrimis.

197 3525 287 3589 Nunc
307 3524 386 3585 iacet
407 3521 533 3582 alterius
552 3519 635 3582 felici
655 3516 731 3582 nixa
750 3520 880 3582 incerto:

239 3609 284 3672 At
304 3627 376 3670 mea
396 3617 545 3669 nocturno
566 3606 662 3670 rerba
682 3602 794 3668 cadunt
814 3603 971 3690 Zephyro.
1003 3618 1006 3625 '
1064 3642 1067 3647 ·

185 3757 227 3819 15.
245 3759 288 3813 41.
306 3746 459 3815 moriturus
473 3775 508 3826 pr
524 3753 562 3814 N.

187 3829 274 3893 16,ss
294 3828 409 3881 exclusis
429 3823 509 3892 GNr,
526 3824 649 3881 exclusae
668 3823 701 3877 P.
766 3836 811 3878 ω.
827 3821 931 3898 Turpis
950 3821 989 3876 N.
1040 3825 1084 3880 23.
1102 3825 1160 3896 ple·

117 3917 153 3954 ns
171 3896 238 3952 ΝΗ.
311 3897 354 3952 26.
372 3895 519 3968 Responde
535 3892 573 3954 R.
650 3892 820 3949 carminibus
838 3890 878 3954 G.
959 3895 1002 3949 50.
1019 3893 1106 3951 calibe
1125 3892 1164 3961 G,

112 3969 206 4041 calybe
223 3986 246 4027 r.
