<?xml version="1.0" encoding="UTF-8"?>
<!DOCTYPE html PUBLIC "-//W3C//DTD XHTML 1.0 Transitional//EN"
    "http://www.w3.org/TR/xhtml1/DTD/xhtml1-transitional.dtd">
<html xmlns="http://www.w3.org/1999/xhtml" xml:lang="en" lang="en">
 <head>
  <title>
</title>
<meta http-equiv="Content-Type" content="text/html;charset=utf-8" />
  <meta name='ocr-system' content='tesseract 3.04.00' />
  <meta name='ocr-capabilities' content='ocr_page ocr_carea ocr_par ocr_line ocrx_word'/>
</head>
<body>
  <div class='ocr_page' id='page_1' title='image "./sexaureliiprope00propgoog_0081.png"; bbox 0 0 2490 4358; ppageno 0'>
   <div class='ocr_carea' id='block_1_1' title="bbox 105 186 1014 283">
    <p class='ocr_par' dir='ltr' id='par_1_1' title="bbox 105 186 1014 283">
     <span class='ocr_line' id='line_1_1' title="bbox 105 186 1014 283; baseline -0.03 -9"><span class='ocrx_word' id='word_1_1' title='bbox 105 200 154 273; x_wconf 75' lang='lat' dir='ltr'>aa</span> <span class='ocrx_word' id='word_1_2' title='bbox 264 187 514 266; x_wconf 75' lang='lat' dir='ltr'>sauream</span> <span class='ocrx_word' id='word_1_3' title='bbox 539 186 632 261; x_wconf 78' lang='lat' dir='ltr'>um.</span> <span class='ocrx_word' id='word_1_4' title='bbox 656 186 720 263; x_wconf 90' lang='lat' dir='ltr'>1v.</span> <span class='ocrx_word' id='word_1_5' title='bbox 746 188 837 281; x_wconf 83' lang='lat'><em>(111.)</em></span> <span class='ocrx_word' id='word_1_6' title='bbox 861 205 896 283; x_wconf 84' lang='lat'>9.</span> <span class='ocrx_word' id='word_1_7' title='bbox 925 206 982 267; x_wconf 64' lang='grc' dir='ltr'>ω,</span> <span class='ocrx_word' id='word_1_8' title='bbox 1009 240 1014 247; x_wconf 88' lang='grc'><strong>.</strong></span> 
     </span>
    </p>
   </div>
   <div class='ocr_carea' id='block_1_2' title="bbox 86 371 1059 1485">
    <p class='ocr_par' dir='ltr' id='par_1_2' title="bbox 86 371 1059 1485">
     <span class='ocr_line' id='line_1_2' title="bbox 228 371 952 457; baseline -0.003 -16"><span class='ocrx_word' id='word_1_9' title='bbox 228 376 347 441; x_wconf 86' lang='lat' dir='ltr'>Goenm</span> <span class='ocrx_word' id='word_1_10' title='bbox 366 385 397 437; x_wconf 89' lang='lat' dir='ltr'>et</span> <span class='ocrx_word' id='word_1_11' title='bbox 416 372 592 455; x_wconf 81' lang='lat' dir='ltr'>Phlegraeis</span> <span class='ocrx_word' id='word_1_12' title='bbox 612 371 840 453; x_wconf 71' lang='lat' dir='ltr'><strong>Eurymedonta</strong></span> <span class='ocrx_word' id='word_1_13' title='bbox 862 376 952 457; x_wconf 85' lang='lat' dir='ltr'>iugis,</span> 
     </span>
     <span class='ocr_line' id='line_1_3' title="bbox 86 454 918 543; baseline -0.007 -13"><span class='ocrx_word' id='word_1_14' title='bbox 86 454 98 471; x_wconf 50' lang='lat'>&#39;¹</span> <span class='ocrx_word' id='word_1_15' title='bbox 188 466 337 543; x_wconf 82' lang='lat' dir='ltr'>Celsaque</span> <span class='ocrx_word' id='word_1_16' title='bbox 357 456 507 522; x_wconf 87' lang='lat' dir='ltr'>Romanis</span> <span class='ocrx_word' id='word_1_17' title='bbox 528 457 669 542; x_wconf 86' lang='lat' dir='ltr'>decerpta</span> <span class='ocrx_word' id='word_1_18' title='bbox 688 458 802 520; x_wconf 86' lang='lat' dir='ltr'>Palatia</span> <span class='ocrx_word' id='word_1_19' title='bbox 824 464 918 525; x_wconf 88' lang='lat' dir='ltr'>tauris</span> 
     </span>
     <span class='ocr_line' id='line_1_4' title="bbox 152 540 884 623; baseline 0.001 -18"><span class='ocrx_word' id='word_1_20' title='bbox 152 567 179 605; x_wconf 81' lang='lat' dir='ltr'>so</span> <span class='ocrx_word' id='word_1_21' title='bbox 232 547 343 610; x_wconf 88' lang='lat' dir='ltr'>Ordiar</span> <span class='ocrx_word' id='word_1_22' title='bbox 363 557 394 606; x_wconf 91' lang='lat' dir='ltr'>et</span> <span class='ocrx_word' id='word_1_23' title='bbox 414 564 503 607; x_wconf 88' lang='lat' dir='ltr'>caeso</span> <span class='ocrx_word' id='word_1_24' title='bbox 522 544 645 605; x_wconf 89' lang='lat' dir='ltr'>moenia</span> <span class='ocrx_word' id='word_1_25' title='bbox 664 543 752 604; x_wconf 86' lang='lat' dir='ltr'>linna</span> <span class='ocrx_word' id='word_1_26' title='bbox 772 540 884 623; x_wconf 88' lang='lat' dir='ltr'>Remo,</span> 
     </span>
     <span class='ocr_line' id='line_1_5' title="bbox 185 628 1041 714; baseline -0.005 -18"><span class='ocrx_word' id='word_1_27' title='bbox 185 633 377 714; x_wconf 88' lang='lat' dir='ltr'>Eductosque</span> <span class='ocrx_word' id='word_1_28' title='bbox 398 650 486 714; x_wconf 88' lang='lat' dir='ltr'>pares</span> <span class='ocrx_word' id='word_1_29' title='bbox 505 628 638 692; x_wconf 83' lang='lat' dir='ltr'>silvestri</span> <span class='ocrx_word' id='word_1_30' title='bbox 658 649 699 690; x_wconf 82' lang='lat' dir='ltr'>ex</span> <span class='ocrx_word' id='word_1_31' title='bbox 718 631 811 690; x_wconf 88' lang='lat' dir='ltr'>ubere</span> <span class='ocrx_word' id='word_1_32' title='bbox 831 651 930 710; x_wconf 82' lang='lat' dir='ltr'>reges,</span> <span class='ocrx_word' id='word_1_33' title='bbox 1037 660 1041 673; x_wconf 92' lang='lat'><em>·</em></span> 
     </span>
     <span class='ocr_line' id='line_1_6' title="bbox 226 714 968 797; baseline -0.001 -18"><span class='ocrx_word' id='word_1_34' title='bbox 226 716 348 780; x_wconf 82' lang='lat' dir='ltr'>Crescet</span> <span class='ocrx_word' id='word_1_35' title='bbox 368 724 400 776; x_wconf 89' lang='lat' dir='ltr'>et</span> <span class='ocrx_word' id='word_1_36' title='bbox 417 714 575 792; x_wconf 80' lang='lat' dir='ltr'>ingenium</span> <span class='ocrx_word' id='word_1_37' title='bbox 597 714 653 775; x_wconf 90' lang='lat' dir='ltr'>sub</span> <span class='ocrx_word' id='word_1_38' title='bbox 675 723 728 774; x_wconf 91' lang='lat' dir='ltr'>tua</span> <span class='ocrx_word' id='word_1_39' title='bbox 747 714 830 775; x_wconf 88' lang='lat' dir='ltr'>iussa</span> <span class='ocrx_word' id='word_1_40' title='bbox 852 736 968 797; x_wconf 86' lang='lat' dir='ltr'>rneum,</span> 
     </span>
     <span class='ocr_line' id='line_1_7' title="bbox 186 799 1001 886; baseline 0 -20"><span class='ocrx_word' id='word_1_41' title='bbox 186 801 357 886; x_wconf 81' lang='lat' dir='ltr'>Prosequor</span> <span class='ocrx_word' id='word_1_42' title='bbox 376 810 407 860; x_wconf 85' lang='lat' dir='ltr'>et</span> <span class='ocrx_word' id='word_1_43' title='bbox 427 821 528 860; x_wconf 87' lang='lat' dir='ltr'>currus</span> <span class='ocrx_word' id='word_1_44' title='bbox 548 809 677 881; x_wconf 70' lang='lat' dir='ltr'>unoque</span> <span class='ocrx_word' id='word_1_45' title='bbox 698 799 736 857; x_wconf 91' lang='lat' dir='ltr'>ab</span> <span class='ocrx_word' id='word_1_46' title='bbox 756 799 844 862; x_wconf 90' lang='lat' dir='ltr'>litore</span> <span class='ocrx_word' id='word_1_47' title='bbox 863 814 1001 880; x_wconf 84' lang='lat' dir='ltr'>ovantes,</span> 
     </span>
     <span class='ocr_line' id='line_1_8' title="bbox 224 885 893 964; baseline -0.006 -14"><span class='ocrx_word' id='word_1_48' title='bbox 224 887 407 951; x_wconf 77' lang='lat' dir='ltr'><strong>Parthorum</strong></span> <span class='ocrx_word' id='word_1_49' title='bbox 428 894 545 945; x_wconf 86' lang='lat' dir='ltr'>astutae</span> <span class='ocrx_word' id='word_1_50' title='bbox 564 885 624 943; x_wconf 88' lang='lat' dir='ltr'>tela</span> <span class='ocrx_word' id='word_1_51' title='bbox 645 885 773 944; x_wconf 87' lang='lat' dir='ltr'>remissa</span> <span class='ocrx_word' id='word_1_52' title='bbox 792 890 893 964; x_wconf 84' lang='lat' dir='ltr'>fugae,</span> 
     </span>
     <span class='ocr_line' id='line_1_9' title="bbox 151 966 903 1053; baseline 0.004 -24"><span class='ocrx_word' id='word_1_53' title='bbox 151 986 179 1029; x_wconf 78' lang='lat' dir='ltr'>se</span> <span class='ocrx_word' id='word_1_54' title='bbox 191 970 357 1053; x_wconf 79' lang='lat' dir='ltr'>Castraque</span> <span class='ocrx_word' id='word_1_55' title='bbox 378 968 484 1030; x_wconf 87' lang='lat' dir='ltr'>Pelusi</span> <span class='ocrx_word' id='word_1_56' title='bbox 503 966 648 1028; x_wconf 88' lang='lat' dir='ltr'>Romano</span> <span class='ocrx_word' id='word_1_57' title='bbox 669 970 794 1031; x_wconf 89' lang='lat' dir='ltr'>subruta</span> <span class='ocrx_word' id='word_1_58' title='bbox 812 972 903 1050; x_wconf 82' lang='lat' dir='ltr'>ferro,</span> 
     </span>
     <span class='ocr_line' id='line_1_10' title="bbox 225 1054 891 1137; baseline -0.003 -18"><span class='ocrx_word' id='word_1_59' title='bbox 225 1057 405 1137; x_wconf 81' lang='lat' dir='ltr'>Antonique</span> <span class='ocrx_word' id='word_1_60' title='bbox 426 1073 533 1132; x_wconf 85' lang='lat' dir='ltr'>graves</span> <span class='ocrx_word' id='word_1_61' title='bbox 554 1054 587 1113; x_wconf 91' lang='lat' dir='ltr'>in</span> <span class='ocrx_word' id='word_1_62' title='bbox 607 1073 663 1115; x_wconf 87' lang='lat' dir='ltr'>sua</span> <span class='ocrx_word' id='word_1_63' title='bbox 683 1056 747 1113; x_wconf 86' lang='lat' dir='ltr'>sata</span> <span class='ocrx_word' id='word_1_64' title='bbox 768 1074 891 1117; x_wconf 89' lang='lat' dir='ltr'>manus.</span> 
     </span>
     <span class='ocr_line' id='line_1_11' title="bbox 184 1139 966 1223; baseline -0.009 -18"><span class='ocrx_word' id='word_1_65' title='bbox 184 1141 289 1205; x_wconf 87' lang='lat' dir='ltr'>lllollis</span> <span class='ocrx_word' id='word_1_66' title='bbox 309 1151 344 1200; x_wconf 88' lang='lat' dir='ltr'>tu</span> <span class='ocrx_word' id='word_1_67' title='bbox 365 1150 491 1223; x_wconf 77' lang='lat' dir='ltr'>coeptae</span> <span class='ocrx_word' id='word_1_68' title='bbox 510 1140 611 1198; x_wconf 85' lang='lat' dir='ltr'>fautor</span> <span class='ocrx_word' id='word_1_69' title='bbox 632 1158 706 1222; x_wconf 90' lang='lat' dir='ltr'>cape</span> <span class='ocrx_word' id='word_1_70' title='bbox 727 1139 790 1199; x_wconf 88' lang='lat' dir='ltr'>lora</span> <span class='ocrx_word' id='word_1_71' title='bbox 812 1141 966 1217; x_wconf 83' lang='lat' dir='ltr'>iuventae,</span> 
     </span>
     <span class='ocr_line' id='line_1_12' title="bbox 228 1221 951 1306; baseline -0.001 -19"><span class='ocrx_word' id='word_1_72' title='bbox 228 1226 425 1306; x_wconf 87' lang='lat' dir='ltr'>Dexteraque</span> <span class='ocrx_word' id='word_1_73' title='bbox 445 1223 582 1284; x_wconf 89' lang='lat' dir='ltr'>inmissis</span> <span class='ocrx_word' id='word_1_74' title='bbox 604 1221 642 1283; x_wconf 87' lang='lat' dir='ltr'>da</span> <span class='ocrx_word' id='word_1_75' title='bbox 662 1223 741 1283; x_wconf 90' lang='lat' dir='ltr'>mihi</span> <span class='ocrx_word' id='word_1_76' title='bbox 761 1226 847 1302; x_wconf 86' lang='lat' dir='ltr'>signa</span> <span class='ocrx_word' id='word_1_77' title='bbox 867 1225 951 1286; x_wconf 89' lang='lat' dir='ltr'>rotis.</span> 
     </span>
     <span class='ocr_line' id='line_1_13' title="bbox 182 1305 1059 1387; baseline -0.01 -11"><span class='ocrx_word' id='word_1_78' title='bbox 182 1314 251 1377; x_wconf 87' lang='lat' dir='ltr'>Hoc</span> <span class='ocrx_word' id='word_1_79' title='bbox 271 1310 360 1386; x_wconf 87' lang='lat' dir='ltr'>mihi,</span> <span class='ocrx_word' id='word_1_80' title='bbox 380 1306 551 1383; x_wconf 83' lang='lat' dir='ltr'>Maecenas,</span> <span class='ocrx_word' id='word_1_81' title='bbox 573 1305 673 1369; x_wconf 85' lang='lat' dir='ltr'>laudis</span> <span class='ocrx_word' id='word_1_82' title='bbox 692 1309 842 1387; x_wconf 86' lang='lat' dir='ltr'>concedis,</span> <span class='ocrx_word' id='word_1_83' title='bbox 864 1322 895 1372; x_wconf 88' lang='lat' dir='ltr'>et</span> <span class='ocrx_word' id='word_1_84' title='bbox 915 1330 933 1370; x_wconf 89' lang='lat' dir='ltr'>a</span> <span class='ocrx_word' id='word_1_85' title='bbox 952 1315 983 1368; x_wconf 86' lang='lat' dir='ltr'>te</span> <span class='ocrx_word' id='word_1_86' title='bbox 1002 1315 1059 1384; x_wconf 87' lang='lat' dir='ltr'>est,</span> 
     </span>
     <span class='ocr_line' id='line_1_14' title="bbox 148 1392 899 1485; baseline 0.005 -30"><span class='ocrx_word' id='word_1_87' title='bbox 148 1408 177 1449; x_wconf 73' lang='grc' dir='ltr'>ω</span> <span class='ocrx_word' id='word_1_88' title='bbox 229 1394 323 1478; x_wconf 83' lang='lat' dir='ltr'>Quod</span> <span class='ocrx_word' id='word_1_89' title='bbox 342 1396 422 1457; x_wconf 82' lang='lat' dir='ltr'>ferar</span> <span class='ocrx_word' id='word_1_90' title='bbox 440 1392 473 1456; x_wconf 89' lang='lat' dir='ltr'>iu</span> <span class='ocrx_word' id='word_1_91' title='bbox 494 1404 596 1479; x_wconf 87' lang='lat' dir='ltr'>partes</span> <span class='ocrx_word' id='word_1_92' title='bbox 615 1393 683 1485; x_wconf 87' lang='lat' dir='ltr'>ipse</span> <span class='ocrx_word' id='word_1_93' title='bbox 703 1393 799 1459; x_wconf 84' lang='lat' dir='ltr'>fuisse</span> <span class='ocrx_word' id='word_1_94' title='bbox 818 1407 899 1461; x_wconf 83' lang='lat' dir='ltr'>tuas.</span> 
     </span>
    </p>
   </div>
   <div class='ocr_carea' id='block_1_3' title="bbox 121 1565 1039 3397">
    <p class='ocr_par' dir='ltr' id='par_1_3' title="bbox 121 1565 1039 3397">
     <span class='ocr_line' id='line_1_15' title="bbox 121 1565 985 1700; baseline -0.008 -17"><span class='ocrx_word' id='word_1_95' title='bbox 121 1614 164 1687; x_wconf 92' lang='lat'>10</span> <span class='ocrx_word' id='word_1_96' title='bbox 181 1565 345 1696; x_wconf 84' lang='lat' dir='ltr'>Mirabar,</span> <span class='ocrx_word' id='word_1_97' title='bbox 366 1613 513 1700; x_wconf 83' lang='lat' dir='ltr'>quidnam</span> <span class='ocrx_word' id='word_1_98' title='bbox 532 1613 689 1677; x_wconf 81' lang='lat' dir='ltr'>misissent</span> <span class='ocrx_word' id='word_1_99' title='bbox 708 1634 799 1675; x_wconf 88' lang='lat' dir='ltr'>mane</span> <span class='ocrx_word' id='word_1_100' title='bbox 821 1610 985 1693; x_wconf 82' lang='lat' dir='ltr'>Camenae,</span> 
     </span>
     <span class='ocr_line' id='line_1_16' title="bbox 229 1701 946 1766; baseline -0.004 0"><span class='ocrx_word' id='word_1_101' title='bbox 229 1703 314 1766; x_wconf 86' lang='lat' dir='ltr'>Ante</span> <span class='ocrx_word' id='word_1_102' title='bbox 334 1722 442 1763; x_wconf 89' lang='lat' dir='ltr'>meum</span> <span class='ocrx_word' id='word_1_103' title='bbox 462 1710 576 1763; x_wconf 89' lang='lat' dir='ltr'>stantes</span> <span class='ocrx_word' id='word_1_104' title='bbox 597 1701 663 1761; x_wconf 91' lang='lat' dir='ltr'>sole</span> <span class='ocrx_word' id='word_1_105' title='bbox 685 1702 812 1763; x_wconf 87' lang='lat' dir='ltr'>rubente</span> <span class='ocrx_word' id='word_1_106' title='bbox 831 1710 946 1763; x_wconf 87' lang='lat' dir='ltr'>torum.</span> 
     </span>
     <span class='ocr_line' id='line_1_17' title="bbox 175 1785 863 1868; baseline -0.01 -17"><span class='ocrx_word' id='word_1_107' title='bbox 175 1787 293 1853; x_wconf 86' lang='lat' dir='ltr'>Natalis</span> <span class='ocrx_word' id='word_1_108' title='bbox 314 1797 436 1849; x_wconf 86' lang='lat' dir='ltr'>nostrae</span> <span class='ocrx_word' id='word_1_109' title='bbox 457 1786 580 1864; x_wconf 83' lang='lat' dir='ltr'>signum</span> <span class='ocrx_word' id='word_1_110' title='bbox 599 1785 712 1847; x_wconf 88' lang='lat' dir='ltr'>misere</span> <span class='ocrx_word' id='word_1_111' title='bbox 732 1786 863 1868; x_wconf 81' lang='lat' dir='ltr'>puellae,</span> 
     </span>
     <span class='ocr_line' id='line_1_18' title="bbox 220 1870 910 1954; baseline -0.004 -21"><span class='ocrx_word' id='word_1_112' title='bbox 220 1870 262 1933; x_wconf 92' lang='lat' dir='ltr'>Et</span> <span class='ocrx_word' id='word_1_113' title='bbox 279 1872 423 1935; x_wconf 88' lang='lat' dir='ltr'>manibus</span> <span class='ocrx_word' id='word_1_114' title='bbox 442 1873 560 1931; x_wconf 86' lang='lat' dir='ltr'>faustos</span> <span class='ocrx_word' id='word_1_115' title='bbox 579 1880 625 1931; x_wconf 89' lang='lat' dir='ltr'>ter</span> <span class='ocrx_word' id='word_1_116' title='bbox 645 1889 787 1954; x_wconf 89' lang='lat' dir='ltr'>crepuere</span> <span class='ocrx_word' id='word_1_117' title='bbox 807 1889 910 1930; x_wconf 88' lang='lat' dir='ltr'>sonos.</span> 
     </span>
     <span class='ocr_line' id='line_1_19' title="bbox 152 1951 993 2031; baseline -0.001 -18"><span class='ocrx_word' id='word_1_118' title='bbox 152 1972 167 2013; x_wconf 82' lang='lat' dir='ltr'>s</span> <span class='ocrx_word' id='word_1_119' title='bbox 185 1954 335 2020; x_wconf 85' lang='lat' dir='ltr'>Transeat</span> <span class='ocrx_word' id='word_1_120' title='bbox 354 1955 404 2016; x_wconf 88' lang='lat' dir='ltr'>hic</span> <span class='ocrx_word' id='word_1_121' title='bbox 423 1954 490 2014; x_wconf 90' lang='lat' dir='ltr'>sine</span> <span class='ocrx_word' id='word_1_122' title='bbox 510 1955 591 2014; x_wconf 90' lang='lat' dir='ltr'>nube</span> <span class='ocrx_word' id='word_1_123' title='bbox 613 1952 688 2031; x_wconf 88' lang='lat' dir='ltr'>dies,</span> <span class='ocrx_word' id='word_1_124' title='bbox 707 1965 789 2015; x_wconf 87' lang='lat' dir='ltr'>stent</span> <span class='ocrx_word' id='word_1_125' title='bbox 808 1974 878 2015; x_wconf 90' lang='lat' dir='ltr'>aere</span> <span class='ocrx_word' id='word_1_126' title='bbox 897 1951 993 2030; x_wconf 83' lang='lat' dir='ltr'>venti,</span> 
     </span>
     <span class='ocr_line' id='line_1_20' title="bbox 224 2036 917 2102; baseline -0.001 0"><span class='ocrx_word' id='word_1_127' title='bbox 224 2040 324 2102; x_wconf 90' lang='lat' dir='ltr'>Ponat</span> <span class='ocrx_word' id='word_1_128' title='bbox 345 2050 377 2101; x_wconf 91' lang='lat' dir='ltr'>et</span> <span class='ocrx_word' id='word_1_129' title='bbox 396 2039 430 2101; x_wconf 88' lang='lat' dir='ltr'>in</span> <span class='ocrx_word' id='word_1_130' title='bbox 449 2039 528 2100; x_wconf 89' lang='lat' dir='ltr'>sicco</span> <span class='ocrx_word' id='word_1_131' title='bbox 549 2037 683 2099; x_wconf 91' lang='lat' dir='ltr'>molliter</span> <span class='ocrx_word' id='word_1_132' title='bbox 704 2036 785 2099; x_wconf 91' lang='lat' dir='ltr'>unda</span> <span class='ocrx_word' id='word_1_133' title='bbox 805 2039 917 2101; x_wconf 87' lang='lat' dir='ltr'>minas.</span> 
     </span>
     <span class='ocr_line' id='line_1_21' title="bbox 180 2121 891 2227; baseline -0.007 -36"><span class='ocrx_word' id='word_1_134' title='bbox 180 2125 342 2227; x_wconf 81' lang='lat' dir='ltr'>Aspiciam</span> <span class='ocrx_word' id='word_1_135' title='bbox 361 2124 464 2185; x_wconf 90' lang='lat' dir='ltr'>nullos</span> <span class='ocrx_word' id='word_1_136' title='bbox 485 2121 634 2185; x_wconf 86' lang='lat' dir='ltr'>hodierna</span> <span class='ocrx_word' id='word_1_137' title='bbox 653 2124 721 2185; x_wconf 88' lang='lat' dir='ltr'>luce</span> <span class='ocrx_word' id='word_1_138' title='bbox 743 2121 891 2202; x_wconf 85' lang='lat' dir='ltr'>dolantes,</span> 
     </span>
     <span class='ocr_line' id='line_1_22' title="bbox 222 2207 938 2294; baseline 0.001 -23"><span class='ocrx_word' id='word_1_139' title='bbox 222 2210 262 2271; x_wconf 74' lang='lat' dir='ltr'>lat</span> <span class='ocrx_word' id='word_1_140' title='bbox 281 2208 396 2273; x_wconf 88' lang='lat' dir='ltr'>Niobes</span> <span class='ocrx_word' id='word_1_141' title='bbox 416 2209 556 2271; x_wconf 85' lang='lat' dir='ltr'>lacrimas</span> <span class='ocrx_word' id='word_1_142' title='bbox 577 2209 744 2293; x_wconf 86' lang='lat' dir='ltr'>supprimat</span> <span class='ocrx_word' id='word_1_143' title='bbox 764 2210 830 2294; x_wconf 91' lang='lat' dir='ltr'>ipse</span> <span class='ocrx_word' id='word_1_144' title='bbox 849 2207 938 2293; x_wconf 85' lang='lat' dir='ltr'>lapis,</span> 
     </span>
     <span class='ocr_line' id='line_1_23' title="bbox 181 2294 929 2379; baseline -0.003 -20"><span class='ocrx_word' id='word_1_145' title='bbox 181 2294 361 2377; x_wconf 82' lang='lat' dir='ltr'>Alcyouum</span> <span class='ocrx_word' id='word_1_146' title='bbox 378 2294 486 2379; x_wconf 89' lang='lat' dir='ltr'>positis</span> <span class='ocrx_word' id='word_1_147' title='bbox 506 2295 695 2377; x_wconf 85' lang='lat' dir='ltr'>requiescant</span> <span class='ocrx_word' id='word_1_148' title='bbox 716 2316 768 2356; x_wconf 91' lang='lat' dir='ltr'>ora</span> <span class='ocrx_word' id='word_1_149' title='bbox 789 2295 929 2379; x_wconf 88' lang='lat' dir='ltr'>querelis,</span> 
     </span>
     <span class='ocr_line' id='line_1_24' title="bbox 144 2379 955 2465; baseline 0.002 -23"><span class='ocrx_word' id='word_1_150' title='bbox 144 2401 173 2442; x_wconf 84' lang='lat' dir='ltr'>ru</span> <span class='ocrx_word' id='word_1_151' title='bbox 223 2380 362 2465; x_wconf 90' lang='lat' dir='ltr'>Increpet</span> <span class='ocrx_word' id='word_1_152' title='bbox 380 2381 578 2463; x_wconf 90' lang='lat' dir='ltr'>absumptum</span> <span class='ocrx_word' id='word_1_153' title='bbox 596 2402 653 2442; x_wconf 89' lang='lat' dir='ltr'>nec</span> <span class='ocrx_word' id='word_1_154' title='bbox 674 2401 728 2443; x_wconf 89' lang='lat' dir='ltr'>sua</span> <span class='ocrx_word' id='word_1_155' title='bbox 748 2393 846 2442; x_wconf 88' lang='lat' dir='ltr'>mater</span> <span class='ocrx_word' id='word_1_156' title='bbox 863 2379 955 2459; x_wconf 85' lang='lat' dir='ltr'>Itym.</span> 
     </span>
     <span class='ocr_line' id='line_1_25' title="bbox 179 2466 941 2550; baseline -0.004 -22"><span class='ocrx_word' id='word_1_157' title='bbox 179 2466 302 2550; x_wconf 87' lang='lat' dir='ltr'>Tuque,</span> <span class='ocrx_word' id='word_1_158' title='bbox 325 2487 343 2528; x_wconf 96' lang='lat' dir='ltr'>o</span> <span class='ocrx_word' id='word_1_159' title='bbox 365 2482 432 2527; x_wconf 87' lang='lat' dir='ltr'>cara</span> <span class='ocrx_word' id='word_1_160' title='bbox 451 2466 540 2543; x_wconf 90' lang='lat' dir='ltr'>mihi,</span> <span class='ocrx_word' id='word_1_161' title='bbox 560 2466 700 2529; x_wconf 81' lang='lat' dir='ltr'>felicibus</span> <span class='ocrx_word' id='word_1_162' title='bbox 720 2466 800 2527; x_wconf 89' lang='lat' dir='ltr'>edita</span> <span class='ocrx_word' id='word_1_163' title='bbox 821 2466 941 2548; x_wconf 89' lang='lat' dir='ltr'>pennis,</span> 
     </span>
     <span class='ocr_line' id='line_1_26' title="bbox 224 2550 904 2634; baseline 0 -21"><span class='ocrx_word' id='word_1_164' title='bbox 224 2551 322 2629; x_wconf 84' lang='lat' dir='ltr'>Surge</span> <span class='ocrx_word' id='word_1_165' title='bbox 343 2561 374 2611; x_wconf 89' lang='lat' dir='ltr'>et</span> <span class='ocrx_word' id='word_1_166' title='bbox 394 2560 555 2634; x_wconf 87' lang='lat' dir='ltr'>poscentes</span> <span class='ocrx_word' id='word_1_167' title='bbox 575 2550 656 2613; x_wconf 84' lang='lat' dir='ltr'>iusta</span> <span class='ocrx_word' id='word_1_168' title='bbox 676 2571 798 2633; x_wconf 90' lang='lat' dir='ltr'>precare</span> <span class='ocrx_word' id='word_1_169' title='bbox 821 2550 904 2614; x_wconf 87' lang='lat' dir='ltr'>deos.</span> 
     </span>
     <span class='ocr_line' id='line_1_27' title="bbox 179 2634 1009 2719; baseline -0.004 -19"><span class='ocrx_word' id='word_1_170' title='bbox 179 2634 228 2701; x_wconf 83' lang='lat' dir='ltr'>Ac</span> <span class='ocrx_word' id='word_1_171' title='bbox 247 2637 382 2719; x_wconf 89' lang='lat' dir='ltr'>primum</span> <span class='ocrx_word' id='word_1_172' title='bbox 402 2654 477 2718; x_wconf 88' lang='lat' dir='ltr'>pura</span> <span class='ocrx_word' id='word_1_173' title='bbox 498 2654 644 2694; x_wconf 89' lang='lat' dir='ltr'>somnum</span> <span class='ocrx_word' id='word_1_174' title='bbox 664 2636 719 2694; x_wconf 90' lang='lat' dir='ltr'>tibi</span> <span class='ocrx_word' id='word_1_175' title='bbox 738 2634 852 2695; x_wconf 87' lang='lat' dir='ltr'>discute</span> <span class='ocrx_word' id='word_1_176' title='bbox 871 2637 1009 2719; x_wconf 88' lang='lat' dir='ltr'>lympha,</span> 
     </span>
     <span class='ocr_line' id='line_1_28' title="bbox 220 2716 895 2798; baseline 0 -19"><span class='ocrx_word' id='word_1_177' title='bbox 220 2718 261 2779; x_wconf 90' lang='lat' dir='ltr'>Et</span> <span class='ocrx_word' id='word_1_178' title='bbox 280 2716 391 2778; x_wconf 89' lang='lat' dir='ltr'>nitidas</span> <span class='ocrx_word' id='word_1_179' title='bbox 413 2736 519 2798; x_wconf 89' lang='lat' dir='ltr'>presso</span> <span class='ocrx_word' id='word_1_180' title='bbox 539 2718 649 2797; x_wconf 90' lang='lat' dir='ltr'>pollice</span> <span class='ocrx_word' id='word_1_181' title='bbox 669 2717 752 2793; x_wconf 83' lang='lat' dir='ltr'>finge</span> <span class='ocrx_word' id='word_1_182' title='bbox 775 2737 895 2780; x_wconf 87' lang='lat' dir='ltr'>comas:</span> 
     </span>
     <span class='ocr_line' id='line_1_29' title="bbox 146 2800 1039 2888; baseline 0.006 -28"><span class='ocrx_word' id='word_1_183' title='bbox 146 2818 172 2860; x_wconf 83' lang='lat' dir='ltr'>ts</span> <span class='ocrx_word' id='word_1_184' title='bbox 184 2800 276 2877; x_wconf 88' lang='lat' dir='ltr'>Dein,</span> <span class='ocrx_word' id='word_1_185' title='bbox 299 2821 358 2885; x_wconf 90' lang='lat' dir='ltr'>qua</span> <span class='ocrx_word' id='word_1_186' title='bbox 379 2802 513 2885; x_wconf 87' lang='lat' dir='ltr'>primum</span> <span class='ocrx_word' id='word_1_187' title='bbox 535 2801 640 2860; x_wconf 91' lang='lat' dir='ltr'>oculos</span> <span class='ocrx_word' id='word_1_188' title='bbox 660 2800 765 2883; x_wconf 87' lang='lat' dir='ltr'>cepisti</span> <span class='ocrx_word' id='word_1_189' title='bbox 784 2812 871 2863; x_wconf 83' lang='lat' dir='ltr'>veste</span> <span class='ocrx_word' id='word_1_190' title='bbox 892 2800 1039 2888; x_wconf 87' lang='lat' dir='ltr'>Properti,</span> 
     </span>
     <span class='ocr_line' id='line_1_30' title="bbox 218 2884 937 2971; baseline -0.004 -21"><span class='ocrx_word' id='word_1_191' title='bbox 218 2885 328 2965; x_wconf 89' lang='lat' dir='ltr'>Indue,</span> <span class='ocrx_word' id='word_1_192' title='bbox 350 2907 407 2948; x_wconf 90' lang='lat' dir='ltr'>nec</span> <span class='ocrx_word' id='word_1_193' title='bbox 425 2904 558 2947; x_wconf 79' lang='lat' dir='ltr'>vacuum</span> <span class='ocrx_word' id='word_1_194' title='bbox 577 2884 653 2947; x_wconf 88' lang='lat' dir='ltr'>flore</span> <span class='ocrx_word' id='word_1_195' title='bbox 673 2886 811 2970; x_wconf 88' lang='lat' dir='ltr'>relinque</span> <span class='ocrx_word' id='word_1_196' title='bbox 831 2897 937 2971; x_wconf 87' lang='lat' dir='ltr'>caput:</span> 
     </span>
     <span class='ocr_line' id='line_1_31' title="bbox 178 2970 1014 3059; baseline 0.001 -24"><span class='ocrx_word' id='word_1_197' title='bbox 178 2972 218 3035; x_wconf 88' lang='lat' dir='ltr'>Et</span> <span class='ocrx_word' id='word_1_198' title='bbox 238 2982 317 3059; x_wconf 88' lang='lat' dir='ltr'>pete,</span> <span class='ocrx_word' id='word_1_199' title='bbox 340 2992 399 3056; x_wconf 92' lang='lat' dir='ltr'>qua</span> <span class='ocrx_word' id='word_1_200' title='bbox 420 2970 529 3057; x_wconf 82' lang='lat' dir='ltr'>polles,</span> <span class='ocrx_word' id='word_1_201' title='bbox 551 2981 587 3032; x_wconf 87' lang='lat' dir='ltr'>ut</span> <span class='ocrx_word' id='word_1_202' title='bbox 606 2972 646 3032; x_wconf 93' lang='lat' dir='ltr'>sit</span> <span class='ocrx_word' id='word_1_203' title='bbox 666 2972 721 3033; x_wconf 91' lang='lat' dir='ltr'>tibi</span> <span class='ocrx_word' id='word_1_204' title='bbox 741 2974 839 3033; x_wconf 85' lang='lat' dir='ltr'>forma</span> <span class='ocrx_word' id='word_1_205' title='bbox 859 2972 1014 3057; x_wconf 87' lang='lat' dir='ltr'>perennis,</span> 
     </span>
     <span class='ocr_line' id='line_1_32' title="bbox 218 3056 989 3145; baseline 0 -23"><span class='ocrx_word' id='word_1_206' title='bbox 218 3056 316 3145; x_wconf 89' lang='lat' dir='ltr'>Inque</span> <span class='ocrx_word' id='word_1_207' title='bbox 335 3078 442 3121; x_wconf 90' lang='lat' dir='ltr'>meum</span> <span class='ocrx_word' id='word_1_208' title='bbox 463 3077 585 3139; x_wconf 87' lang='lat' dir='ltr'>semper</span> <span class='ocrx_word' id='word_1_209' title='bbox 604 3067 686 3118; x_wconf 89' lang='lat' dir='ltr'>stent</span> <span class='ocrx_word' id='word_1_210' title='bbox 703 3068 754 3118; x_wconf 87' lang='lat' dir='ltr'>tua</span> <span class='ocrx_word' id='word_1_211' title='bbox 776 3078 869 3136; x_wconf 85' lang='lat' dir='ltr'>regua</span> <span class='ocrx_word' id='word_1_212' title='bbox 890 3069 989 3143; x_wconf 86' lang='lat' dir='ltr'>caput.</span> 
     </span>
     <span class='ocr_line' id='line_1_33' title="bbox 175 3140 844 3227; baseline -0.006 -20"><span class='ocrx_word' id='word_1_213' title='bbox 175 3140 252 3208; x_wconf 88' lang='lat' dir='ltr'>Inde</span> <span class='ocrx_word' id='word_1_214' title='bbox 275 3154 432 3207; x_wconf 89' lang='lat' dir='ltr'>coronatas</span> <span class='ocrx_word' id='word_1_215' title='bbox 453 3144 506 3207; x_wconf 90' lang='lat' dir='ltr'>ubi</span> <span class='ocrx_word' id='word_1_216' title='bbox 526 3153 594 3204; x_wconf 90' lang='lat' dir='ltr'>ture</span> <span class='ocrx_word' id='word_1_217' title='bbox 613 3143 746 3227; x_wconf 86' lang='lat' dir='ltr'>piaveris</span> <span class='ocrx_word' id='word_1_218' title='bbox 768 3164 844 3220; x_wconf 90' lang='lat' dir='ltr'>aras,</span> 
     </span>
     <span class='ocr_line' id='line_1_34' title="bbox 144 3226 908 3306; baseline -0.005 -13"><span class='ocrx_word' id='word_1_219' title='bbox 144 3244 173 3286; x_wconf 78' lang='lat'>20</span> <span class='ocrx_word' id='word_1_220' title='bbox 219 3228 351 3293; x_wconf 89' lang='lat' dir='ltr'>Luxerit</span> <span class='ocrx_word' id='word_1_221' title='bbox 370 3240 402 3291; x_wconf 89' lang='lat' dir='ltr'>et</span> <span class='ocrx_word' id='word_1_222' title='bbox 420 3238 483 3289; x_wconf 89' lang='lat' dir='ltr'>tota</span> <span class='ocrx_word' id='word_1_223' title='bbox 503 3228 628 3289; x_wconf 89' lang='lat' dir='ltr'>flamma</span> <span class='ocrx_word' id='word_1_224' title='bbox 648 3226 781 3289; x_wconf 81' lang='lat' dir='ltr'>secunda</span> <span class='ocrx_word' id='word_1_225' title='bbox 803 3228 908 3306; x_wconf 91' lang='lat' dir='ltr'>domo,</span> 
     </span>
     <span class='ocr_line' id='line_1_35' title="bbox 175 3312 969 3397; baseline -0.005 -19"><span class='ocrx_word' id='word_1_226' title='bbox 175 3312 225 3385; x_wconf 82' lang='lat' dir='ltr'>Sit</span> <span class='ocrx_word' id='word_1_227' title='bbox 242 3332 369 3377; x_wconf 86' lang='lat' dir='ltr'>mensae</span> <span class='ocrx_word' id='word_1_228' title='bbox 388 3314 474 3392; x_wconf 87' lang='lat' dir='ltr'>ratio,</span> <span class='ocrx_word' id='word_1_229' title='bbox 495 3333 620 3396; x_wconf 85' lang='lat' dir='ltr'>noxque</span> <span class='ocrx_word' id='word_1_230' title='bbox 636 3313 716 3375; x_wconf 87' lang='lat' dir='ltr'>inter</span> <span class='ocrx_word' id='word_1_231' title='bbox 734 3315 843 3397; x_wconf 88' lang='lat' dir='ltr'>pocula</span> <span class='ocrx_word' id='word_1_232' title='bbox 863 3324 969 3390; x_wconf 85' lang='lat' dir='ltr'>currat,</span> 
     </span>
    </p>
   </div>
   <div class='ocr_carea' id='block_1_4' title="bbox 10 3489 1135 3766">
    <p class='ocr_par' dir='ltr' id='par_1_4' title="bbox 10 3489 1135 3766">
     <span class='ocr_line' id='line_1_36' title="bbox 162 3489 1132 3565; baseline -0.003 -16"><span class='ocrx_word' id='word_1_233' title='bbox 162 3494 189 3559; x_wconf 85' lang='grc'>9,</span> <span class='ocrx_word' id='word_1_234' title='bbox 204 3495 248 3565; x_wconf 75' lang='grc'>48.</span> <span class='ocrx_word' id='word_1_235' title='bbox 267 3492 448 3548; x_wconf 78' lang='lat' dir='ltr'>oromednntr</span> <span class='ocrx_word' id='word_1_236' title='bbox 466 3498 504 3559; x_wconf 84' lang='lat' dir='ltr'>N,</span> <span class='ocrx_word' id='word_1_237' title='bbox 521 3492 704 3547; x_wconf 83' lang='lat' dir='ltr'>oromodonta</span> <span class='ocrx_word' id='word_1_238' title='bbox 721 3489 790 3547; x_wconf 84' lang='lat' dir='ltr'>Gli.</span> <span class='ocrx_word' id='word_1_239' title='bbox 887 3510 930 3564; x_wconf 76' lang='lat'>49.</span> <span class='ocrx_word' id='word_1_240' title='bbox 949 3492 983 3547; x_wconf 86' lang='lat' dir='ltr'>de</span> <span class='ocrx_word' id='word_1_241' title='bbox 1000 3502 1073 3546; x_wconf 86' lang='lat' dir='ltr'>certa</span> <span class='ocrx_word' id='word_1_242' title='bbox 1094 3493 1132 3548; x_wconf 84' lang='lat' dir='ltr'>G.</span> 
     </span>
     <span class='ocr_line' id='line_1_37' title="bbox 11 3558 1135 3635; baseline -0.001 -18"><span class='ocrx_word' id='word_1_243' title='bbox 11 3587 57 3635; x_wconf 40' lang='lat'>¹·</span> <span class='ocrx_word' id='word_1_244' title='bbox 127 3563 269 3634; x_wconf 77' lang='lat' dir='ltr'>palariar.</span> <span class='ocrx_word' id='word_1_245' title='bbox 337 3568 381 3619; x_wconf 78' lang='lat'>51.</span> <span class='ocrx_word' id='word_1_246' title='bbox 399 3564 496 3617; x_wconf 86' lang='lat' dir='ltr'>arbore</span> <span class='ocrx_word' id='word_1_247' title='bbox 518 3562 556 3616; x_wconf 85' lang='lat' dir='ltr'>G.</span> <span class='ocrx_word' id='word_1_248' title='bbox 633 3566 675 3616; x_wconf 76' lang='lat'>55.</span> <span class='ocrx_word' id='word_1_249' title='bbox 694 3558 907 3633; x_wconf 83' lang='lat' dir='ltr'>pelusiiGNR.</span> <span class='ocrx_word' id='word_1_250' title='bbox 983 3561 1025 3616; x_wconf 87' lang='grc'>56.</span> <span class='ocrx_word' id='word_1_251' title='bbox 1042 3566 1135 3617; x_wconf 81' lang='lat' dir='ltr'>Anto-</span> 
     </span>
     <span class='ocr_line' id='line_1_38' title="bbox 10 3631 1132 3713; baseline -0.002 -26"><span class='ocrx_word' id='word_1_252' title='bbox 10 3696 16 3713; x_wconf 39' lang='grc' dir='ltr'>ἱ</span> <span class='ocrx_word' id='word_1_253' title='bbox 71 3634 189 3705; x_wconf 78' lang='lat' dir='ltr'>&#39;ulique</span> <span class='ocrx_word' id='word_1_254' title='bbox 207 3632 302 3686; x_wconf 83' lang='lat' dir='ltr'><strong><em>GNR.</em></strong></span> <span class='ocrx_word' id='word_1_255' title='bbox 368 3651 465 3705; x_wconf 76' lang='lat' dir='ltr'>pravas</span> <span class='ocrx_word' id='word_1_256' title='bbox 484 3631 522 3688; x_wconf 82' lang='lat' dir='ltr'>G.</span> <span class='ocrx_word' id='word_1_257' title='bbox 599 3633 641 3702; x_wconf 84' lang='lat'>57.</span> <span class='ocrx_word' id='word_1_258' title='bbox 664 3634 752 3686; x_wconf 81' lang='lat' dir='ltr'>factor</span> <span class='ocrx_word' id='word_1_259' title='bbox 769 3634 805 3684; x_wconf 89' lang='grc' dir='ltr'>Ν.</span> <span class='ocrx_word' id='word_1_260' title='bbox 876 3632 1090 3702; x_wconf 71' lang='lat' dir='ltr'>sensuraque</span> <span class='ocrx_word' id='word_1_261' title='bbox 1110 3655 1132 3686; x_wconf 79' lang='lat' dir='ltr'>r.</span> 
     </span>
     <span class='ocr_line' id='line_1_39' title="bbox 161 3699 1133 3766; baseline 0.001 -13"><span class='ocrx_word' id='word_1_262' title='bbox 161 3703 203 3766; x_wconf 80' lang='lat'>10,</span> <span class='ocrx_word' id='word_1_263' title='bbox 221 3704 246 3757; x_wconf 81' lang='lat'>3.</span> <span class='ocrx_word' id='word_1_264' title='bbox 264 3708 433 3760; x_wconf 81' lang='lat' dir='ltr'>misererer.</span> <span class='ocrx_word' id='word_1_265' title='bbox 518 3700 543 3757; x_wconf 83' lang='lat'>6.</span> <span class='ocrx_word' id='word_1_266' title='bbox 562 3702 649 3754; x_wconf 84' lang='lat' dir='ltr'>Ponet</span> <span class='ocrx_word' id='word_1_267' title='bbox 666 3705 703 3756; x_wconf 88' lang='lat' dir='ltr'>N.</span> <span class='ocrx_word' id='word_1_268' title='bbox 776 3699 868 3751; x_wconf 83' lang='lat' dir='ltr'>minax</span> <span class='ocrx_word' id='word_1_269' title='bbox 886 3706 925 3757; x_wconf 80' lang='lat' dir='ltr'>N.</span> <span class='ocrx_word' id='word_1_270' title='bbox 1007 3702 1032 3754; x_wconf 85' lang='grc'>8.</span> <span class='ocrx_word' id='word_1_271' title='bbox 1051 3703 1133 3756; x_wconf 80' lang='lat' dir='ltr'>niobe</span> 
     </span>
    </p>
   </div>
   <div class='ocr_carea' id='block_1_5' title="bbox 94 3768 1132 3897">
    <p class='ocr_par' dir='ltr' id='par_1_5' title="bbox 94 3768 1132 3897">
     <span class='ocr_line' id='line_1_40' title="bbox 94 3768 1132 3897; baseline -0.004 -68"><span class='ocrx_word' id='word_1_272' title='bbox 94 3768 150 3830; x_wconf 68' lang='lat' dir='ltr'>Nc.</span> <span class='ocrx_word' id='word_1_273' title='bbox 217 3772 432 3897; x_wconf 54' lang='lat' dir='ltr'>9·‘H³¹⁰K50¹¹1¹m</span> <span class='ocrx_word' id='word_1_274' title='bbox 451 3771 488 3824; x_wconf 78' lang='lat' dir='ltr'>G.</span> <span class='ocrx_word' id='word_1_275' title='bbox 559 3786 600 3825; x_wconf 88' lang='lat' dir='ltr'>ro.</span> <span class='ocrx_word' id='word_1_276' title='bbox 617 3772 677 3824; x_wconf 88' lang='lat' dir='ltr'>itim</span> <span class='ocrx_word' id='word_1_277' title='bbox 695 3774 734 3836; x_wconf 89' lang='lat' dir='ltr'>N,</span> <span class='ocrx_word' id='word_1_278' title='bbox 751 3771 818 3840; x_wconf 86' lang='lat' dir='ltr'>ytim</span> <span class='ocrx_word' id='word_1_279' title='bbox 837 3768 874 3823; x_wconf 81' lang='lat' dir='ltr'>G.</span> <span class='ocrx_word' id='word_1_280' title='bbox 945 3772 984 3822; x_wconf 82' lang='lat'>14.</span> <span class='ocrx_word' id='word_1_281' title='bbox 1001 3769 1092 3840; x_wconf 85' lang='lat' dir='ltr'>police</span> <span class='ocrx_word' id='word_1_282' title='bbox 1109 3793 1132 3825; x_wconf 86' lang='lat' dir='ltr'>r.</span> 
     </span>
    </p>
   </div>
   <div class='ocr_carea' id='block_1_6' title="bbox 99 3836 1131 3985">
    <p class='ocr_par' dir='ltr' id='par_1_6' title="bbox 99 3836 1131 3985">
     <span class='ocr_line' id='line_1_41' title="bbox 129 3836 1131 3911; baseline 0.003 -20"><span class='ocrx_word' id='word_1_283' title='bbox 129 3858 171 3907; x_wconf 78' lang='lat'>²7·</span> <span class='ocrx_word' id='word_1_284' title='bbox 197 3846 238 3899; x_wconf 77' lang='grc' dir='ltr'>ιθ.</span> <span class='ocrx_word' id='word_1_285' title='bbox 262 3858 306 3895; x_wconf 74' lang='lat' dir='ltr'>ons</span> <span class='ocrx_word' id='word_1_286' title='bbox 465 3836 505 3905; x_wconf 69' lang='lat'>¹7·</span> <span class='ocrx_word' id='word_1_287' title='bbox 528 3838 580 3892; x_wconf 87' lang='lat' dir='ltr'>tibi</span> <span class='ocrx_word' id='word_1_288' title='bbox 597 3841 634 3894; x_wconf 82' lang='lat' dir='ltr'>sit</span> <span class='ocrx_word' id='word_1_289' title='bbox 650 3862 673 3893; x_wconf 85' lang='lat' dir='ltr'>r.</span> <span class='ocrx_word' id='word_1_290' title='bbox 773 3838 846 3892; x_wconf 78' lang='lat' dir='ltr'>lama</span> <span class='ocrx_word' id='word_1_291' title='bbox 868 3858 894 3898; x_wconf 84' lang='lat' dir='ltr'>r.</span> <span class='ocrx_word' id='word_1_292' title='bbox 912 3837 1023 3893; x_wconf 79' lang='lat' dir='ltr'>fortuna</span> <span class='ocrx_word' id='word_1_293' title='bbox 1039 3859 1076 3911; x_wconf 85' lang='lat' dir='ltr'>pr</span> <span class='ocrx_word' id='word_1_294' title='bbox 1095 3840 1131 3894; x_wconf 88' lang='lat' dir='ltr'>G.</span> 
     </span>
     <span class='ocr_line' id='line_1_42' title="bbox 99 3909 925 3985; baseline -0.006 -18"><span class='ocrx_word' id='word_1_295' title='bbox 99 3958 105 3967; x_wconf 90' lang='lat'>.</span> <span class='ocrx_word' id='word_1_296' title='bbox 127 3909 266 3985; x_wconf 75' lang='lat' dir='ltr'>peremnis</span> <span class='ocrx_word' id='word_1_297' title='bbox 286 3913 324 3969; x_wconf 88' lang='lat' dir='ltr'>G.</span> <span class='ocrx_word' id='word_1_298' title='bbox 394 3925 436 3968; x_wconf 78' lang='lat' dir='ltr'>ao.</span> <span class='ocrx_word' id='word_1_299' title='bbox 454 3910 513 3965; x_wconf 82' lang='lat' dir='ltr'>Lux</span> <span class='ocrx_word' id='word_1_300' title='bbox 530 3910 583 3964; x_wconf 84' lang='lat' dir='ltr'>erit</span> <span class='ocrx_word' id='word_1_301' title='bbox 598 3930 622 3971; x_wconf 80' lang='lat' dir='ltr'>r.</span> <span class='ocrx_word' id='word_1_302' title='bbox 688 3921 731 3969; x_wconf 79' lang='lat' dir='ltr'>st.</span> <span class='ocrx_word' id='word_1_303' title='bbox 748 3924 815 3963; x_wconf 85' lang='lat' dir='ltr'>mox</span> <span class='ocrx_word' id='word_1_304' title='bbox 832 3925 886 3979; x_wconf 82' lang='lat' dir='ltr'>que</span> <span class='ocrx_word' id='word_1_305' title='bbox 901 3926 925 3963; x_wconf 85' lang='lat' dir='ltr'>r.</span> 
     </span>
    </p>
   </div>
   <div class='ocr_carea' id='block_1_7' title="bbox 0 0 1250 4358">
    <p class='ocr_par' dir='ltr' id='par_1_7' title="bbox 0 0 1250 4358">
     <span class='ocr_line' id='line_1_43' title="bbox 0 0 1250 4358; baseline 0 0"><span class='ocrx_word' id='word_1_306' title='bbox 0 0 1250 4358; x_wconf 95' lang='lat' dir='ltr'> </span> 
     </span>
    </p>
   </div>
  </div>
 </body>
</html>
