2490 4358
260 184 516 304 ruoreacn
541 216 639 292 00.
665 219 709 309 v.
735 218 832 311 (rv.)
857 215 920 298 0Ι
1035 221 1119 296 05..

133 404 215 472 Cum
236 405 339 489 subito
360 404 444 467 rauci
465 415 636 466 sonuerunt
656 403 780 468 cardine
794 414 918 491 postes,

101 509 131 550 su
179 489 220 553 Et
241 492 324 552 levia
347 489 523 575 adprimos
544 510 706 552 murmura
725 492 805 551 facta
825 487 938 556 Lares.

132 575 197 650 Nec
218 597 317 654 mora,
340 597 412 637 cum
432 587 514 639 totas
531 577 692 661 'resupinat
712 573 846 656 Cynthia
868 577 991 657 valvas,

175 659 248 724 Non
269 681 399 746 operosa
420 663 529 738 comis,
550 660 607 724 sed
628 658 793 723 furibunda
814 659 938 732 decens.
1008 704 1009 709 κ

135 744 251 811 Pocula
273 747 319 808 mi
340 745 455 826 digitos
474 748 555 810 inter
576 746 713 811 cecidere
733 748 894 826 remissos,

175 832 415 916 I'alluerantque
434 832 504 916 ipso
524 834 610 895 labra
631 834 733 897 soluta
755 853 854 896 mero.

28 928 29 931 ’
101 915 367 992 1011010010001110
387 918 485 990 oculis
510 929 542 991 et
563 929 715 1010 quantum
734 918 853 987 fs1nina
874 914 993 989 saeuite
1037 988 1041 994 ,
1070 978 1073 983 .

178 1001 375 1088 spectaclum
397 1007 486 1087 capta
506 1023 564 1071 nec
585 1005 690 1076 minus
712 1005 789 1066 urbe
808 1003 879 1078 fuit.
1058 998 1063 1007 ’

135 1085 298 1167 Phyllidos
319 1089 415 1155 iratos
435 1090 468 1161 in
489 1089 614 1162 vultum
636 1089 759 1162 cuniicit
778 1105 914 1170 unguent

178 1172 298 1234 Territa
319 1174 438 1237 vicinas
459 1171 538 1241 Teia
560 1176 671 1244 clamat
693 1195 800 1260 aquas·
1019 1176 1022 1181 ’

137 1253 277 1331 Lumina
299 1260 419 1344 sopitos
440 1262 564 1326 turbant
585 1262 666 1328 elata
688 1257 842 1341 Quirites,

104 1361 134 1404 00
180 1342 295 1406 Omnis
317 1356 349 1406 et
369 1345 479 1407 insana
502 1346 613 1416 semita
636 1357 726 1419 nocte
748 1356 850 1418 sonat,

138 1427 212 1493 Illas
233 1429 423 1514 direptisque
445 1432 543 1497 comis
564 1432 741 1515 tunicisque
762 1431 876 1503 solutis
984 1512 988 1517 ἡ
1054 1448 1057 1457 *

178 1513 303 1600 Excipit
327 1518 476 1587 obscurae
496 1516 597 1602 prima
619 1517 855 1590 tabernariae.

138 1597 274 1680 Cynthia
295 1600 410 1680 gaudet
430 1603 464 1674 in
484 1602 609 1664 exuviis
633 1603 807 1686 victrixque
828 1599 956 1672 recurrit
993 1610 996 1618 '

179 1683 221 1745 Et
241 1705 314 1747 mea
334 1707 479 1771 perversa
500 1688 620 1759 sauciat
641 1708 696 1760 ora
716 1708 826 1766 manu,

104 1767 179 1832 tuln
203 1772 331 1854 onitque
351 1784 461 1846 notam
482 1775 562 1843 tollo
584 1793 755 1858 morsuque
777 1779 926 1851 cruentat,

179 1792 410 1947 iraecipueque
432 1860 549 1939 oculos,
572 1859 626 1943 qui
646 1879 798 1944 mer-uere²
810 1857 916 1921 ierit„

139 1937 245 2089 Atpue
267 1944 322 2015 ubi
340 1944 405 2015 iam
425 1945 540 2019 nnsttrsss
560 1946 690 2015 lassauit
709 1944 834 2007 brachia
854 1939 972 2029 plagis,‘

210 2026 365 2107 ygdamus
385 2029 425 2103 ad
446 2030 546 2114 plutei
565 2032 661 2092 fulcra
683 2031 807 2102 sinisna
825 2031 928 2099 latens

138 2109 276 2190 Eruitur,
299 2116 490 2200 geniumque
510 2135 620 2188 meum
638 2127 808 2198 prostratus
829 2112 948 2183 adorat

110 2209 137 2251 ⁷⁰
184 2194 364 2279 Lygdame,
385 2201 431 2261 nil
451 2201 562 2284 potui:
583 2212 689 2271 tecum
710 2221 769 2279 ego
792 2209 899 2283 captus
919 2210 1016 2283 00010.

72 2329 83 2337 ..
141 2279 185 2343 su
209 2283 339 2366 plicibus
360 2284 473 2369 palmis
492 2294 561 2354 tum
583 2284 713 2354 demum
733 2283 774 2346 ad
794 2281 922 2351 foedera
940 2275 1027 2359 veni,
1080 2290 1083 2295 ’
1153 2318 1168 2337 -.

180 2303 267 2437 ’gum
287 2368 346 2429 vix
366 2367 539 2447 tangendus
563 2370 705 2454 praebuit
724 2370 778 2439 illa
799 2366 907 2461 pedes,
1039 2380 1043 2386 '

141 2448 258 2533 Atque·
272 2453 316 2515 ait
333 2442 504 2525 ‘admissae
523 2453 551 2517 si
572 2455 621 2515 vis
643 2475 696 2525 me
716 2455 879 2533 ignoscere
900 2449 1032 2535 culpae„

185 2537 312 2622 Accipe,
335 2559 415 2620 quae
436 2551 560 2611 nostrae
580 2541 714 2607 forinula
736 2540 815 2620 legis
837 2540 905 2612 erit,

108 2640 134 2682 rs
148 2618 198 2682 Tu
221 2628 321 2707 neque
344 2625 494 2714 Pompeia
515 2627 688 2710 spatiabere
710 2627 809 2687 cultus
832 2625 865 2692 in
887 2622 1008 2696 umbra,

186 2704 252 2769 Nec
272 2731 343 2781 cum
366 2712 520 2783 lascivum
541 2721 658 2774 sternet
680 2732 772 2782 arena
792 2713 907 2781 forum.

145 2789 233 2857 Colla
255 2815 330 2858 cave
349 2795 489 2869 inflectas
511 2797 550 2860 ad
573 2819 734 2870 summum
753 2797 880 2880 obliqua
900 2792 1057 2856 theatrum

187 2875 255 2940 Aut
274 2882 382 2943 lectica
404 2893 474 2944 tuae
495 2883 578 2949 sidat
599 2894 705 2966 aperta
726 2902 845 2952 morae.
909 2952 912 2958 ,

144 2961 329 3051 Lygdamps
351 2967 523 3052 inprimis,
546 2971 649 3038 omnis
671 2969 751 3035 mihi
772 2985 864 3037 causa
886 2957 1054 3044 querellae,
1087 2981 1091 2989 ·

114 3064 142 3106 su
190 3049 315 3112 Veneat
335 3062 367 3112 et
388 3050 519 3136 pedibus
538 3055 668 3126 uincula
685 3053 759 3124 bina
777 3041 901 3117 trahat.³
1069 3050 1081 3056 ”

148 3130 269 3196 Indixit
288 3137 386 3214 leges.
409 3136 556 3222 respondi
578 3160 637 3218 ego
657 3130 789 3218 ‘legibus
811 3125 898 3199 utar.⁸
1013 3150 1019 3157 '

189 3216 316 3282 Riserat
334 3222 468 3307 imperio
487 3226 567 3286 facta
588 3227 722 3311 superba
745 3224 828 3287 dato.

148 3300 233 3377 Dein,
254 3326 483 3399 quemcumque
503 3312 610 3382 loeum
631 3321 779 3384 externae
800 3307 930 3387 tetigere
950 3293 1086 3386 puellae,

59 3529 64 3537 ‚
137 3467 166 3536 9,
185 3471 307 3528 501010
327 3473 364 3529 G.
466 3476 510 3540 57.
532 3475 636 3531 conicit
653 3475 692 3529 N.
796 3474 1065 3545 1000000000009
1086 3457 1129 3512 G·

102 3535 145 3594 61.
169 3539 251 3597 ittam
277 3542 313 3598 G.
416 3543 460 3599 63.
486 3545 607 3617 Cynthia
631 3546 660 3599 in
683 3543 788 3598 exuviis
813 3545 865 3608 (sic
889 3537 929 3592 P.-
965 3549 1072 3588 errmus
1096 3529 1124 3594 r)

67 3608 166 3674 gaudet
184 3609 222 3666 11.
307 3613 430 3666 cucurrit
452 3613 490 3668 G.
578 3615 621 3669 66.
639 3615 862 3686 praecipuaeque
878 3628 902 3661 r·
987 3602 1031 3656 68·
1049 3599 1128 3654 sum

71 3676 140 3744 GN,
158 3678 263 3733 frustra
279 3701 303 3735 r.
362 3685 453 3736 iacens
471 3681 508 3741 fl.
578 3685 621 3756 60,
639 3687 758 3740 Eruitur
776 3682 845 3736 GR.
912 3681 1071 3758 0001186111*
1088 3667 1127 3728 N·

108 3749 287 3816 71.reuitG.
337 3755 381 3820 75.
394 3753 563 3825 ponpeiaN¹
615 3751 816 3825 76.srernitG,
869 3743 990 3819 78.srdet
1000 3739 1038 3807 N,
1049 3737 1129 3799 ruder

73 3866 140 3924 GR.
200 3871 244 3929 80.
261 3868 377 3931 Vicera
387 3893 410 3925 r.
462 3828 494 3968 ieri
507 3871 544 3931 G.
597 3855 1155 3954 80.100000000001111380·ῙθθῑὴωΝέ4

139 3965 184 4020 83.
203 3982 384 4039 quaecunque
402 3988 425 4023 r.
448 3986 450 3995 ·

799 4033 892 4096 W).
