2490 4358
101 170 148 245 ³6
294 166 544 243 Proventu
569 165 661 241 LIB.
688 167 749 240 111.
776 168 936 262 (11.)ιᾶ

183 348 246 419 Nec
267 368 337 415 mea
355 362 428 413 tunc
447 353 538 430 longa
559 350 706 434 spatietur
723 352 859 432 imagine
877 370 1005 440 pompa,

147 456 176 498 so
226 432 290 502 Nec
309 438 382 498 tuba
402 435 443 498 sit
462 436 518 496 fati
535 454 616 497 vana
636 437 772 518 querella
790 439 866 515 mei,
998 466 1002 473 ·

183 523 247 588 Nec
264 523 343 583 mihi
362 533 434 582 tunc
453 522 549 580 fulcro
570 531 723 583 sternatur
740 522 837 584 lectus
858 522 987 599 eburno,

225 605 290 672 Nec
309 607 350 669 sit
370 606 403 665 in
422 604 558 667 Attalico
578 622 663 669 mors
682 624 754 665 rnea
773 607 847 668 nixa
866 616 947 672 toro.
1060 626 1079 655 ··

184 690 274 756 Desit
291 690 451 753 odoriferis
472 687 549 750 ordo
569 690 648 752 inihi
669 689 815 770 lancibus,
836 690 939 755 adsint

197 771 201 781 ’
223 775 329 842 Plebei
348 790 462 859 parvae
480 776 596 836 funeris
617 770 781 858 exequiae.¹
1043 806 1059 845 ‚·

65 926 68 933 ¹
144 876 172 918 rs
184 859 239 926 Sat
257 880 328 923 mea
348 870 396 923 sat
414 874 526 937 magna
546 869 595 922 est
612 860 640 922 si
659 869 721 922 tres
739 860 803 921 sint
820 876 935 945 pompa
953 856 1066 947 libelli,

222 942 311 1026 Quos
331 964 389 1022 ego
407 941 624 1031 Persephonae
643 944 782 1007 maxima
803 942 884 1006 done
904 945 1015 1009 feram.
1052 986 1056 995 ·

182 1029 232 1092 Tu
251 1048 327 1091 rere
345 1026 465 1090 nudum
486 1036 592 1111 pectus
612 1030 741 1092 laterata
761 1029 909 1112 sequeris,

224 1111 289 1178 Nec
308 1113 402 1175 fieris
420 1131 535 1174 nomen
555 1115 636 1176 lassa
656 1131 767 1176 vocare
786 1126 903 1192 meum,
1020 1150 1023 1155 ·
1051 1120 1055 1157 ³

181 1200 360 1282 'Osculaque
380 1196 413 1259 in
433 1195 543 1275 gelidis
557 1218 658 1282 pones
677 1217 821 1284 suprema
840 1194 969 1276 labellis,

148 1308 175 1350 so
226 1277 306 1360 Cum
326 1281 447 1343 dabitur
466 1279 556 1362 Syrio
577 1300 705 1344 munere
725 1283 836 1369 plenus
853 1300 970 1364 onyx„
1052 1292 1055 1297 '
1092 1298 1095 1303 ·

182 1367 312 1446 Deinde,
331 1367 386 1429 ubi
405 1365 580 1450 subpositus
600 1367 733 1430 cinerem
752 1387 805 1430 me
824 1369 931 1431 iecerit
948 1362 1053 1449 ardor,

223 1452 361 1536 Accipiat
380 1449 488 1512 Manes
508 1452 635 1536 percule
655 1463 733 1515 testa
752 1473 853 1525 meos,
950 1492 958 1510 t

180 1537 221 1601 Et
241 1537 281 1600 sit
300 1538 332 1598 in
351 1535 468 1614 exiguo
488 1536 591 1599 laurus
610 1556 703 1622 super
715 1535 818 1599 addita
836 1538 937 1616 busto,

223 1620 315 1702 Quae
333 1631 416 1700 teget
434 1620 562 1683 extincti
579 1622 697 1685 funeris
715 1624 824 1684 umbra
843 1622 958 1687 locum.

148 1722 174 1765 ss
185 1708 225 1772 Et
244 1706 306 1769 duo
327 1706 388 1769 sint
407 1725 524 1784 versos,
542 1697 608 1789 ‘qui
628 1727 709 1769 nunc
728 1708 807 1769 iacet
826 1706 949 1769 horrida
968 1706 1083 1795 pulvis,

218 1780 318 1854 Unius
336 1791 388 1852 hic
406 1789 564 1872 quondam
582 1809 691 1854 servus
710 1791 838 1854 Amoris
854 1784 941 1855 erat.²

179 1869 244 1939 Nec
263 1874 367 1935 minus
386 1872 462 1934 haec
481 1875 579 1936 nostri
597 1885 735 1938 notescet
753 1877 837 1937 fama
856 1879 998 1977 sepulcri,
1077 1930 1084 1941 .

223 1950 330 2037 Quem
346 1956 467 2017 fuerant
485 1955 591 2020 Phtbii
610 1960 700 2022 busta
725 1971 849 2022 cruenta
868 1963 952 2029 nrt..
990 2006 994 2013 -

178 2036 228 2106 Tu
250 2060 373 2127 quoque
391 2038 560 2124 siquando
582 2043 688 2106 venies
707 2041 748 2104 etl
767 2045 840 2121 feto,
861 2047 1051 2131 (memento)

145 2136 172 2178 ⁸0
224 2125 293 2191 Hoc
311 2126 370 2188 iter
390 2122 431 2188 ad
449 2125 567 2210 lapides
587 2145 660 2189 canc
681 2127 941 2197 renimemores.

176 2212 298 2278 Interea
319 2229 394 2272 teve
413 2209 464 2278 sis¹
475 2230 535 2278 noe
554 2223 713 2295 aspernata
733 2215 885 2299 sepultos:

220 2295 291 2361 Non
310 2295 389 2358 nihil
409 2293 580 2359 adrerum
600 2298 723 2362 consue
741 2310 822 2363 terra
842 2299 931 2385 sapit.

178 2380 425 2467 Atquentinem
444 2379 551 2466 primis
570 2376 708 2446 animam
725 2404 779 2448 me
798 2404 913 2469 ponere
933 2383 1020 2446 cunis

222 2465 366 2531 Iussisset
385 2466 513 2550 quaevis
533 2465 574 2530 de
592 2467 689 2533 trihus
711 2488 773 2529 una
793 2470 897 2531 sorori

33 2568 36 2575 ·
144 2542 262 2616 ss'Nem
282 2561 429 2632 quotam
449 2548 561 2613 dubiae
580 2554 862 2635 servetur'spiritus
878 2548 1004 2630 horret,

128 2656 130 2661 ·
220 2632 359 2696 Nestoris
378 2642 426 2692 est
441 2635 528 2693 visus
547 2643 618 2715 post
636 2635 694 2693 tria
714 2637 814 2696 saecla
834 2636 919 2698 cinis.

182 2715 262 2795 Quis
281 2725 346 2774 torn
365 2716 535 2791 longaevae
554 2714 719 2776 minuisset
737 2717 801 2776 feta
820 2729 962 2780 senectae
1039 2752 1045 2761 ·

222 2795 357 2861 Gallicus
376 2792 476 2859 iliacis
493 2796 585 2858 miles
604 2797 636 2857 in
658 2799 842 2877 aggeribus?
1029 2796 1032 2801 ’

157 2880 252 2947 ,Νοιι
270 2882 324 2943 iile
345 2878 505 2942 Antilochi
523 2879 652 2944 vidisset
673 2904 781 2965 corpus
801 2884 935 2966 humari,
1035 2958 1040 2969 .

32 2974 35 2979 ’
145 2978 173 3021 so
228 2965 352 3030 Diceret
369 2976 427 3035 ent
440 2957 472 3027 ‘o
492 2985 587 3045 mors,
609 2987 662 3029 cur
679 2969 758 3031 mihi
778 2990 846 3033 seru
866 2961 995 3037 renisi'
1041 3002 1045 3007 ·

178 3048 229 3117 Tu
247 3063 352 3127 wmen
371 3047 486 3127 amisso
507 3072 571 3115 non
588 3043 760 3139 numquam
778 3055 868 3120 flebis
888 3056 1004 3121 amico:

219 3135 279 3201 Fas
301 3146 348 3198 est
366 3135 547 3222 praeteritos
567 3157 690 3223 semper
708 3160 812 3204 ornere
830 3142 925 3206 viros.

179 3218 294 3300 Testis,
316 3219 365 3282 cui
384 3220 513 3283 niveum
535 3221 692 3304 quondam
712 3227 859 3310 percussit
878 3224 1007 3290 Adonin
1052 3268 1055 3273 -

218 3303 393 3367 Venantetn
412 3300 512 3367 Idalio
532 3309 649 3369 vertice
669 3307 763 3372 durus
784 3332 875 3395 aper:

144 3409 170 3450 ss
181 3387 248 3454 ntis
267 3391 438 3452 formosum
457 3388 589 3453 iacuisse
608 3392 781 3478 paludibus,
801 3397 874 3458 illuc

110 3580 113 3586 ,
165 3514 561 3591 13‚si.obseqniseGetprN.
613 3522 1130 3600 25.8stmessitrnsgnssiGNR‚Sst

1 3651 3 3655 Α
95 3592 132 3648 sit
148 3605 245 3657 magns
261 3587 382 3644 meisiP.
421 3604 476 3657 'sp
495 3589 620 3644 nundum
631 3609 660 3664 p.
670 3592 798 3649 lacertu.
848 3601 891 3651 30.
901 3600 1000 3656 Oscnts
1009 3615 1079 3668 quae
1089 3602 1128 3660 N.

125 3656 428 3781 {scpnsrestG34
444 3658 580 3780 tarpigitpp1
582 3661 647 3781 NN
664 3664 709 3783 ³⁵ss
718 3663 828 3747 criden.
838 3684 860 3720 c·
872 3667 903 3724 P.
952 3669 1081 3749 5601Vnus
1090 3673 1127 3736 N,

93 3737 328 3876 ss.⁷2m‘iis⁸r”13.¹¹
364 3762 405 3854 is
423 3738 691 3853 initieffitiiiisciirl.>
710 3732 957 3870 ”mittanis
977 3737 1128 3870 ‘iginus

125 3864 225 3936 ,Μαι
236 3864 332 3922 ortt.
380 3864 548 3955 quoia&
598 3864 716 3935 sunum
727 3868 831 3926 ONrc-
859 3873 1127 3956 baveoemtanff
