2490 4358
86 176 137 264 aa
255 139 625 271 enotuuauntu
648 171 713 247 ut.
738 169 832 267 (ιιι.)
857 165 891 241 a.
918 181 954 263 9.

165 358 308 426 Inmorso
328 358 472 441 aequales
492 354 618 419 videant
638 375 710 419 mea
729 356 858 417 vulnera
880 355 995 417 colloa'

210 441 392 516 Medoceat
410 444 492 509 livor
510 462 636 505 mecum
654 441 800 503 habuisse
821 458 936 501 meaan

168 529 236 593 Aut
254 528 288 589 in
308 544 414 593 amore
433 526 537 589 dolere
556 528 630 591 volo
653 536 706 589 aut
724 524 830 589 audite
851 524 1019 605 dolentem,
1051 528 1055 535 '
1089 552 1091 557 ·

210 611 285 676 Sive
304 630 393 675 meas
411 612 553 695 lacrimas
573 612 643 674 sive
663 608 771 674 videre
791 621 872 673 tuas.

15 772 19 777 .
106 730 109 735 ·
136 716 161 761 2⁵
173 697 265 761 Tecta
288 694 503 779 superciliis'si
523 695 646 779 quando
666 697 761 758 verba
781 695 923 774 remittis,

167 812 171 819 ·
208 781 275 845 Aut
293 792 347 844 tua
368 803 440 843 cum
457 779 558 861 digitis
579 782 686 866 scripta
708 779 825 842 silenda
847 793 950 845 notas.
1025 816 1028 821 ·

172 866 237 932 Odi
257 888 325 946 ego,
347 887 443 951 quum
464 887 634 947 numquam
654 879 794 950 pungunt
813 868 943 951 suspiria
965 890 1111 937 somnos:

214 951 343 1037 Semper
361 951 396 1014 iu
415 950 491 1039 itata
533 950 643 1013 allidus
664 971 733 1013 esse
754 951 861 1015 velim.
931 1004 936 1015 .

172 1035 299 1101 Dulcior
317 1037 397 1115 ignis
418 1048 484 1099 erat
502 973 614 1114 dandi,
635 1057 706 1097 cum
728 1032 820 1097 Graia
840 1057 896 1120 per
916 1048 1014 1101 enna'

1 1181 3 1187 ,
108 1142 111 1149 ·
142 1141 170 1185 ao
219 1120 389 1202 Tyndaridi
406 1133 526 1206 poterat
545 1120 655 1202 gaudia
677 1123 756 1183 serre
777 1142 863 1185 suae.

175 1206 261 1270 Dum
281 1206 406 1271 vincunt
426 1204 537 1283 Danai,
560 1207 635 1268 dum
654 1216 749 1269 restat
768 1208 912 1271 barbarus
935 1207 1059 1290 Hector,
1086 1222 1090 1229 ’

214 1289 273 1353 Ille
292 1291 431 1355 Helenae
451 1292 484 1355 in
504 1293 622 1371 gremio
643 1291 782 1353 maxima
805 1293 887 1363 bella
907 1295 995 1371 gerit.

175 1378 238 1441 Aut
257 1386 360 1439 tecum
379 1389 433 1439 aut
454 1398 509 1465 pro
530 1390 561 1439 te
581 1377 660 1440 mihi
680 1398 751 1439 cum
771 1378 919 1439 rivalibus
938 1400 1023 1441 arma

216 1460 345 1546 Semper
365 1473 473 1525 erunt:
495 1463 528 1522 in
551 1474 582 1524 te
603 1482 665 1546 pax
685 1461 765 1523 mihi
785 1462 869 1521 nulla
891 1465 998 1545 placet.

137 1562 164 1605 as
176 1543 293 1623 Gaude,
315 1546 397 1631 qood
417 1550 500 1610 nulla
521 1559 568 1609 est
588 1567 685 1629 aeque
705 1551 859 1608 formosa:
881 1548 1012 1632 doleres,

217 1629 252 1693 si
273 1652 333 1713 qua
352 1635 450 1695 foret:
469 1654 550 1694 nuno
570 1634 613 1695 sis
632 1634 700 1693 iure
719 1632 850 1715 superba
865 1634 947 1697 licet.

181 1713 228 1777 At
247 1717 313 1795 tibi,
333 1719 386 1802 qui
405 1728 511 1780 nostro
531 1719 646 1780 nexisti
666 1719 741 1779 retia
761 1719 851 1794 lecto,

150 1814 153 1827 '
218 1797 265 1864 Sit
285 1822 371 1865 socer
393 1816 563 1879 aeternum,
585 1822 641 1864 nec
663 1804 730 1865 sine
750 1814 852 1865 matre
873 1799 1001 1866 domus!

119 1910 123 1923 ·
178 1881 240 1947 Cui
262 1907 342 1946 nunc
363 1888 390 1948 si
410 1908 472 1970 qua
492 1888 562 1951 data
582 1899 630 1950 est
650 1885 797 1949 furandae
820 1889 907 1971 copia
928 1890 1036 1969 noctis,

145 1980 172 2027 eo
221 1965 350 2033 Offensa
369 1971 424 2033 ille
443 1973 531 2052 mihi,
553 1992 616 2037 nou
637 1974 694 2034 tibi
713 1974 820 2051 amica,
843 1972 937 2037 dedit.

136 2188 158 2256 9
175 2135 360 2250 Maecenas
381 2209 476 2275 eques
495 2187 624 2258 Etrusco
650 2191 689 2254 de
708 2193 855 2273 sanguine
876 2213 993 2272 regum,

218 2270 301 2334 Intra
320 2277 482 2360 fortunam¹
496 2279 549 2363 qui
571 2276 657 2362 cupis
679 2300 747 2341 esse
770 2291 866 2354 tuam,
921 2327 923 2331 a

178 2355 263 2438 Quid
283 2379 336 2431 me
355 2360 507 2429 scribendi
521 2376 586 2425 tam
606 2375 732 2427 vastum
752 2366 854 2425 mittis.
869 2363 902 2427 iu
923 2362 1057 2446 aequor?
1090 2376 1094 2385 “

220 2442 291 2509 Non
312 2458 384 2510 sunt
404 2460 476 2533 apta
495 2470 586 2513 meae
608 2450 733 2528 grandia
755 2452 825 2510 uela
847 2449 913 2509 rati.

149 2539 162 2580 ⁸
179 2525 283 2613 Turpe
301 2542 358 2608 est,
379 2532 468 2617 quod
483 2554 627 2619 nequeas,
648 2535 737 2618 capiti
759 2534 948 2599 committere
967 2531 1099 2618 pondus,

89 2688 91 2692 Ι
220 2612 259 2673 Et
280 2635 420 2697 pressum
439 2618 556 2679 inflexo
576 2640 654 2679 mox
676 2623 747 2681 dare
768 2631 853 2696 terga
874 2625 977 2695 genu
1044 2666 1049 2679 .

180 2694 296 2761 Omnia
316 2718 380 2759 non
400 2701 513 2783 pariter
532 2721 635 2762 rerum
656 2713 727 2762 sunt
748 2704 890 2762 oumtbus
912 2714 993 2786 apta,

221 2780 318 2841 Fama
339 2803 394 2845 nec
415 2804 458 2845 ex
477 2805 576 2868 aequo
599 2783 718 2846 ducitur
738 2787 800 2846 ulla
823 2787 906 2863 iugo.

181 2859 286 2927 Gloria
305 2862 444 2955 Lysippo
466 2879 514 2932 est
531 2869 674 2937 ‚animosa
695 2869 839 2950 effingere
859 2870 954 2950 signa,

148 2961 176 3007 1⁰
225 2947 349 3017 Exactis
370 2952 505 3019 Calamis
526 2977 560 3017 se
579 2956 660 3023 mihi
678 2957 769 3019 iactat
790 2958 886 3040 equis,

180 3031 219 3095 In
238 3030 369 3102 Veneris
388 3042 494 3105 tabula
513 3062 669 3105 summam
690 3044 749 3106 sibi
769 3045 856 3127 ponit
875 3038 1012 3125 Apelles,

224 3119 402 3189 Parrhasius
420 3148 514 3210 parva
534 3127 669 3189 vindicat
689 3140 752 3190 arte
772 3130 884 3204 locum,

180 3200 372 3292 Argumenta
391 3213 490 3292 magis
511 3224 583 3277 sunt
604 3211 753 3281 lllentoris
774 3213 876 3280 addita
896 3215 1024 3285 tonnae,
1129 3264 1132 3269 ,

169 3413 196 3476 8,
214 3426 256 3472 ts.
275 3413 419 3473 lanosae
439 3418 536 3486 GNR,
554 3420 692 3479 immol-so
710 3420 741 3478 Ρ.
810 3420 906 3474 26.At
924 3440 946 3474 r.
1015 3431 1057 3483 27.
1075 3432 1143 3485 qum

107 3482 190 3543 ΘΜ·
273 3488 317 3537 ²⁸·
335 3485 431 3544 istim
451 3488 516 3542 GR·
602 3506 643 3559 29.
662 3500 738 3559 grata
758 3489 853 3545 GNR.
929 3491 972 3542 53.
991 3495 1083 3558 perte
1105 3486 1142 3543 G.

101 3554 178 3633 ,35·
198 3553 304 3607 dotores
324 3553 361 3608 G.
462 3559 504 3627 37.
529 3560 639 3614 tendiatt
660 3560 726 3617 GR.
828 3562 871 3630 59.
895 3557 1018 3613 fraudate
1037 3554 1074 3611 G.

103 3632 146 3690 do.
164 3623 305 3680 offensam
322 3623 374 3681 Na.
396 3664 400 3671 ,

172 3692 200 3760 9,
221 3711 243 3748 ¹·
267 3693 394 3748 h²¹f¹¹⁶⁰⁰
412 3693 449 3748 R·
484 3744 487 3749 ,
550 3701 574 3757 5.
601 3701 673 3768 quod
692 3708 732 3757 est
750 3720 773 3752 r.
874 3696 900 3751 6.
916 3711 1027 3767 pessum
1046 3691 1076 3747 Ρ.

104 3771 130 3834 z.
148 3760 250 3815 Omina
267 3763 303 3817 N.
388 3765 413 3821 8.
432 3765 555 3822 Flamma
576 3768 655 3832 GNr,
738 3769 785 3822 illa
803 3788 826 3822 r.
868 3780 975 3834 ·rogo
994 3786 1014 3823 r,
1033 3780 1083 3815 eoo
1104 3761 1143 3821 G.

140 3848 165 3901 9·
190 3830 366 3956 hlffil'NG·
467 3837 568 3908 tingere
585 3859 608 3897 r.
714 3854 754 3896 ιο.
778 3835 859 3892 calais
884 3834 927 3899 0.
953 3833 1072 3888 calamus
1091 3832 1154 3889 Nu·

141 3916 221 3972 the
339 3939 348 3958 ·
674 3920 676 3925 ’
923 3910 927 3925 ’
1055 3948 1060 3955 .
