<?xml version="1.0" encoding="UTF-8"?>
<!DOCTYPE html PUBLIC "-//W3C//DTD XHTML 1.0 Transitional//EN"
    "http://www.w3.org/TR/xhtml1/DTD/xhtml1-transitional.dtd">
<html xmlns="http://www.w3.org/1999/xhtml" xml:lang="en" lang="en">
 <head>
  <title>
</title>
<meta http-equiv="Content-Type" content="text/html;charset=utf-8" />
  <meta name='ocr-system' content='tesseract 3.04.00' />
  <meta name='ocr-capabilities' content='ocr_page ocr_carea ocr_par ocr_line ocrx_word'/>
</head>
<body>
  <div class='ocr_page' id='page_1' title='image "./sexaureliiprope00propgoog_0071.png"; bbox 0 0 2490 4358; ppageno 0'>
   <div class='ocr_carea' id='block_1_1' title="bbox 160 183 1033 279">
    <p class='ocr_par' dir='ltr' id='par_1_1' title="bbox 160 183 1033 279">
     <span class='ocr_line' id='line_1_1' title="bbox 160 183 1033 279; baseline -0.013 -13"><span class='ocrx_word' id='word_1_1' title='bbox 160 194 208 279; x_wconf 70' lang='lat'>66</span> <span class='ocrx_word' id='word_1_2' title='bbox 322 184 583 263; x_wconf 65' lang='lat' dir='ltr'>‘tuoruum</span> <span class='ocrx_word' id='word_1_3' title='bbox 610 183 704 257; x_wconf 80' lang='lat' dir='ltr'><strong>Llss.</strong></span> <span class='ocrx_word' id='word_1_4' title='bbox 730 185 793 258; x_wconf 69' lang='lat' dir='ltr'>lv.</span> <span class='ocrx_word' id='word_1_5' title='bbox 821 184 913 279; x_wconf 87' lang='lat' dir='ltr'>(iii.)</span> <span class='ocrx_word' id='word_1_6' title='bbox 938 200 973 271; x_wconf 76' lang='lat'>2.</span> <span class='ocrx_word' id='word_1_7' title='bbox 997 184 1033 260; x_wconf 78' lang='grc' dir='ltr'>δ.</span> 
     </span>
    </p>
   </div>
   <div class='ocr_carea' id='block_1_2' title="bbox 205 370 1145 1385">
    <p class='ocr_par' dir='ltr' id='par_1_2' title="bbox 205 370 1145 1385">
     <span class='ocr_line' id='line_1_2' title="bbox 244 370 1038 450; baseline -0.008 -13"><span class='ocrx_word' id='word_1_8' title='bbox 244 374 288 437; x_wconf 76' lang='lat' dir='ltr'>At</span> <span class='ocrx_word' id='word_1_9' title='bbox 309 373 419 437; x_wconf 76' lang='lat' dir='ltr'>Musae</span> <span class='ocrx_word' id='word_1_10' title='bbox 441 371 585 450; x_wconf 60' lang='lat' dir='ltr'>comites,</span> <span class='ocrx_word' id='word_1_11' title='bbox 602 381 633 435; x_wconf 81' lang='lat' dir='ltr'>et</span> <span class='ocrx_word' id='word_1_12' title='bbox 655 370 788 431; x_wconf 85' lang='lat' dir='ltr'>carmina</span> <span class='ocrx_word' id='word_1_13' title='bbox 809 379 891 448; x_wconf 80' lang='lat' dir='ltr'>grata</span> <span class='ocrx_word' id='word_1_14' title='bbox 913 371 1038 450; x_wconf 78' lang='lat' dir='ltr'>legenti,</span> 
     </span>
     <span class='ocr_line' id='line_1_3' title="bbox 233 452 879 540; baseline -0.008 -18"><span class='ocrx_word' id='word_1_15' title='bbox 233 496 244 533; x_wconf 63' lang='grc'>,-</span> <span class='ocrx_word' id='word_1_16' title='bbox 287 460 325 521; x_wconf 88' lang='lat' dir='ltr'>Et</span> <span class='ocrx_word' id='word_1_17' title='bbox 345 461 467 521; x_wconf 84' lang='lat' dir='ltr'>defessa</span> <span class='ocrx_word' id='word_1_18' title='bbox 490 458 590 518; x_wconf 84' lang='lat' dir='ltr'>choris</span> <span class='ocrx_word' id='word_1_19' title='bbox 611 452 767 540; x_wconf 82' lang='lat' dir='ltr'>Calliopea</span> <span class='ocrx_word' id='word_1_20' title='bbox 789 455 879 517; x_wconf 86' lang='lat' dir='ltr'>meis.</span> 
     </span>
     <span class='ocr_line' id='line_1_4' title="bbox 205 541 1021 621; baseline -0.005 -16"><span class='ocrx_word' id='word_1_21' title='bbox 205 562 236 605; x_wconf 70' lang='lat' dir='ltr'>c·</span> <span class='ocrx_word' id='word_1_22' title='bbox 248 545 423 621; x_wconf 84' lang='lat' dir='ltr'>Fortunata,</span> <span class='ocrx_word' id='word_1_23' title='bbox 445 563 517 603; x_wconf 88' lang='lat' dir='ltr'>rnen</span> <span class='ocrx_word' id='word_1_24' title='bbox 540 542 567 604; x_wconf 88' lang='lat' dir='ltr'>si</span> <span class='ocrx_word' id='word_1_25' title='bbox 588 561 648 621; x_wconf 86' lang='lat' dir='ltr'>qua</span> <span class='ocrx_word' id='word_1_26' title='bbox 670 562 703 603; x_wconf 83' lang='lat' dir='ltr'>es</span> <span class='ocrx_word' id='word_1_27' title='bbox 726 542 876 601; x_wconf 77' lang='lat' dir='ltr'>celebr-ata</span> <span class='ocrx_word' id='word_1_28' title='bbox 901 541 1021 601; x_wconf 83' lang='lat' dir='ltr'>libello!</span> 
     </span>
     <span class='ocr_line' id='line_1_5' title="bbox 286 626 1060 692; baseline -0.01 0"><span class='ocrx_word' id='word_1_29' title='bbox 286 629 428 692; x_wconf 82' lang='lat' dir='ltr'>Carmina</span> <span class='ocrx_word' id='word_1_30' title='bbox 449 637 537 689; x_wconf 88' lang='lat' dir='ltr'>erunt</span> <span class='ocrx_word' id='word_1_31' title='bbox 556 628 675 686; x_wconf 82' lang='lat' dir='ltr'>innnae</span> <span class='ocrx_word' id='word_1_32' title='bbox 695 637 742 685; x_wconf 87' lang='lat' dir='ltr'>tot</span> <span class='ocrx_word' id='word_1_33' title='bbox 763 626 956 685; x_wconf 84' lang='lat' dir='ltr'>monimenta</span> <span class='ocrx_word' id='word_1_34' title='bbox 976 639 1060 686; x_wconf 79' lang='lat' dir='ltr'>tuan.</span> 
     </span>
     <span class='ocr_line' id='line_1_6' title="bbox 242 709 1123 796; baseline -0.006 -20"><span class='ocrx_word' id='word_1_35' title='bbox 242 712 323 776; x_wconf 81' lang='lat' dir='ltr'>Nam</span> <span class='ocrx_word' id='word_1_36' title='bbox 344 732 445 796; x_wconf 84' lang='lat' dir='ltr'>neque</span> <span class='ocrx_word' id='word_1_37' title='bbox 487 709 662 790; x_wconf 80' lang='lat' dir='ltr'>yramidnrn</span> <span class='ocrx_word' id='word_1_38' title='bbox 683 721 824 795; x_wconf 85' lang='lat' dir='ltr'>sunrptus</span> <span class='ocrx_word' id='word_1_39' title='bbox 845 709 884 770; x_wconf 89' lang='lat' dir='ltr'>ad</span> <span class='ocrx_word' id='word_1_40' title='bbox 904 709 1005 771; x_wconf 83' lang='lat' dir='ltr'>sidera</span> <span class='ocrx_word' id='word_1_41' title='bbox 1026 709 1123 787; x_wconf 84' lang='lat' dir='ltr'>ducti,</span> 
     </span>
     <span class='ocr_line' id='line_1_7' title="bbox 205 794 1145 885; baseline -0.005 -23"><span class='ocrx_word' id='word_1_42' title='bbox 205 802 208 810; x_wconf 88' lang='lat'>&#39;</span> <span class='ocrx_word' id='word_1_43' title='bbox 283 799 347 861; x_wconf 88' lang='lat' dir='ltr'>Nec</span> <span class='ocrx_word' id='word_1_44' title='bbox 366 794 452 885; x_wconf 77' lang='lat' dir='ltr'>ipris</span> <span class='ocrx_word' id='word_1_45' title='bbox 501 795 542 857; x_wconf 83' lang='lat' dir='ltr'>lei</span> <span class='ocrx_word' id='word_1_46' title='bbox 563 797 680 856; x_wconf 85' lang='lat' dir='ltr'>caelum</span> <span class='ocrx_word' id='word_1_47' title='bbox 702 796 819 856; x_wconf 85' lang='lat' dir='ltr'>imitata</span> <span class='ocrx_word' id='word_1_48' title='bbox 842 794 963 872; x_wconf 78' lang='lat' dir='ltr'>doinus,</span> <span class='ocrx_word' id='word_1_49' title='bbox 1138 802 1145 817; x_wconf 87' lang='lat'>&#39;</span> 
     </span>
     <span class='ocr_line' id='line_1_8' title="bbox 244 880 890 964; baseline -0.008 -18"><span class='ocrx_word' id='word_1_50' title='bbox 244 881 308 946; x_wconf 87' lang='lat' dir='ltr'>Nec</span> <span class='ocrx_word' id='word_1_51' title='bbox 331 882 486 944; x_wconf 81' lang='lat' dir='ltr'><strong>Mausolei</strong></span> <span class='ocrx_word' id='word_1_52' title='bbox 506 880 595 943; x_wconf 84' lang='lat' dir='ltr'>dives</span> <span class='ocrx_word' id='word_1_53' title='bbox 616 885 738 941; x_wconf 81' lang='lat' dir='ltr'>fortuna</span> <span class='ocrx_word' id='word_1_54' title='bbox 760 880 890 964; x_wconf 81' lang='lat' dir='ltr'>sepulcri</span> 
     </span>
     <span class='ocr_line' id='line_1_9' title="bbox 208 956 959 1028; baseline 0.004 -4"><span class='ocrx_word' id='word_1_55' title='bbox 208 956 243 1024; x_wconf 74' lang='lat' dir='ltr'>ati</span> <span class='ocrx_word' id='word_1_56' title='bbox 289 968 396 1028; x_wconf 80' lang='lat' dir='ltr'>Mortis</span> <span class='ocrx_word' id='word_1_57' title='bbox 419 967 456 1027; x_wconf 92' lang='lat' dir='ltr'>ab</span> <span class='ocrx_word' id='word_1_58' title='bbox 478 972 616 1027; x_wconf 82' lang='lat' dir='ltr'>extrem‘a</span> <span class='ocrx_word' id='word_1_59' title='bbox 637 964 816 1027; x_wconf 86' lang='lat' dir='ltr'>condicione</span> <span class='ocrx_word' id='word_1_60' title='bbox 836 975 959 1028; x_wconf 83' lang='lat' dir='ltr'>vacant.</span> 
     </span>
     <span class='ocr_line' id='line_1_10' title="bbox 244 1048 1065 1135; baseline 0.001 -19"><span class='ocrx_word' id='word_1_61' title='bbox 244 1054 312 1116; x_wconf 86' lang='lat' dir='ltr'>Aut</span> <span class='ocrx_word' id='word_1_62' title='bbox 332 1053 393 1114; x_wconf 85' lang='lat' dir='ltr'>iilis</span> <span class='ocrx_word' id='word_1_63' title='bbox 413 1051 538 1112; x_wconf 87' lang='lat' dir='ltr'>flamma</span> <span class='ocrx_word' id='word_1_64' title='bbox 560 1063 613 1133; x_wconf 88' lang='lat' dir='ltr'>aut</span> <span class='ocrx_word' id='word_1_65' title='bbox 631 1052 733 1111; x_wconf 84' lang='lat' dir='ltr'>imber</span> <span class='ocrx_word' id='word_1_66' title='bbox 752 1048 901 1112; x_wconf 83' lang='lat' dir='ltr'>subducet</span> <span class='ocrx_word' id='word_1_67' title='bbox 920 1052 1065 1135; x_wconf 77' lang='lat' dir='ltr'>honum,</span> 
     </span>
     <span class='ocr_line' id='line_1_11' title="bbox 287 1135 989 1219; baseline -0.004 -20"><span class='ocrx_word' id='word_1_68' title='bbox 287 1137 453 1199; x_wconf 82' lang='lat' dir='ltr'>Annorum</span> <span class='ocrx_word' id='word_1_69' title='bbox 474 1147 528 1196; x_wconf 90' lang='lat' dir='ltr'>aut</span> <span class='ocrx_word' id='word_1_70' title='bbox 548 1135 609 1195; x_wconf 83' lang='lat' dir='ltr'>ictu</span> <span class='ocrx_word' id='word_1_71' title='bbox 631 1136 768 1219; x_wconf 79' lang='lat' dir='ltr'>pondera</span> <span class='ocrx_word' id='word_1_72' title='bbox 788 1137 868 1197; x_wconf 85' lang='lat' dir='ltr'>victa</span> <span class='ocrx_word' id='word_1_73' title='bbox 890 1150 989 1196; x_wconf 74' lang='lat' dir='ltr'>ruent.</span> 
     </span>
     <span class='ocr_line' id='line_1_12' title="bbox 246 1220 1012 1301; baseline 0 -19"><span class='ocrx_word' id='word_1_74' title='bbox 246 1220 291 1282; x_wconf 78' lang='lat' dir='ltr'>At</span> <span class='ocrx_word' id='word_1_75' title='bbox 311 1243 373 1281; x_wconf 91' lang='lat' dir='ltr'>non</span> <span class='ocrx_word' id='word_1_76' title='bbox 395 1221 518 1300; x_wconf 83' lang='lat' dir='ltr'>ingenio</span> <span class='ocrx_word' id='word_1_77' title='bbox 540 1222 714 1301; x_wconf 82' lang='lat' dir='ltr'>quaesitum</span> <span class='ocrx_word' id='word_1_78' title='bbox 735 1240 851 1281; x_wconf 87' lang='lat' dir='ltr'>nornen</span> <span class='ocrx_word' id='word_1_79' title='bbox 873 1221 911 1281; x_wconf 93' lang='lat' dir='ltr'>ab</span> <span class='ocrx_word' id='word_1_80' title='bbox 933 1240 1012 1282; x_wconf 82' lang='lat' dir='ltr'>aevo</span> 
     </span>
     <span class='ocr_line' id='line_1_13' title="bbox 289 1304 1000 1385; baseline 0.001 -19"><span class='ocrx_word' id='word_1_81' title='bbox 289 1304 437 1369; x_wconf 78' lang='lat' dir='ltr'><strong>Excidet:</strong></span> <span class='ocrx_word' id='word_1_82' title='bbox 459 1306 585 1385; x_wconf 84' lang='lat' dir='ltr'>ingenio</span> <span class='ocrx_word' id='word_1_83' title='bbox 606 1315 665 1367; x_wconf 83' lang='lat' dir='ltr'>stat</span> <span class='ocrx_word' id='word_1_84' title='bbox 687 1307 754 1369; x_wconf 84' lang='lat' dir='ltr'>sine</span> <span class='ocrx_word' id='word_1_85' title='bbox 775 1317 875 1367; x_wconf 82' lang='lat' dir='ltr'>morte</span> <span class='ocrx_word' id='word_1_86' title='bbox 896 1304 1000 1368; x_wconf 81' lang='lat' dir='ltr'>decus.</span> 
     </span>
    </p>
   </div>
   <div class='ocr_carea' id='block_1_3' title="bbox 207 1453 1160 2185">
    <p class='ocr_par' dir='ltr' id='par_1_3' title="bbox 207 1453 1113 1756">
     <span class='ocr_line' id='line_1_14' title="bbox 207 1453 1113 1594; baseline 0.003 -24"><span class='ocrx_word' id='word_1_87' title='bbox 207 1507 227 1576; x_wconf 83' lang='grc'><strong>3</strong></span> <span class='ocrx_word' id='word_1_88' title='bbox 247 1453 359 1571; x_wconf 77' lang='lat' dir='ltr'>Visus</span> <span class='ocrx_word' id='word_1_89' title='bbox 380 1526 464 1568; x_wconf 88' lang='lat' dir='ltr'>eram</span> <span class='ocrx_word' id='word_1_90' title='bbox 484 1506 573 1567; x_wconf 85' lang='lat' dir='ltr'>mulli</span> <span class='ocrx_word' id='word_1_91' title='bbox 593 1508 741 1569; x_wconf 82' lang='lat' dir='ltr'>recubans</span> <span class='ocrx_word' id='word_1_92' title='bbox 761 1506 919 1569; x_wconf 85' lang='lat' dir='ltr'>Heliconis</span> <span class='ocrx_word' id='word_1_93' title='bbox 939 1509 972 1571; x_wconf 90' lang='lat' dir='ltr'>in</span> <span class='ocrx_word' id='word_1_94' title='bbox 993 1510 1113 1594; x_wconf 75' lang='lat' dir='ltr'>umbra,</span> 
     </span>
     <span class='ocr_line' id='line_1_15' title="bbox 290 1591 949 1683; baseline -0.003 -29"><span class='ocrx_word' id='word_1_95' title='bbox 290 1593 540 1683; x_wconf 68' lang='lat' dir='ltr'>bellerophontei</span> <span class='ocrx_word' id='word_1_96' title='bbox 562 1612 624 1675; x_wconf 90' lang='lat' dir='ltr'>qua</span> <span class='ocrx_word' id='word_1_97' title='bbox 644 1591 713 1652; x_wconf 85' lang='lat' dir='ltr'>fluit</span> <span class='ocrx_word' id='word_1_98' title='bbox 733 1593 847 1655; x_wconf 86' lang='lat' dir='ltr'>humor</span> <span class='ocrx_word' id='word_1_99' title='bbox 868 1591 949 1681; x_wconf 81' lang='lat' dir='ltr'>eqni,</span> 
     </span>
     <span class='ocr_line' id='line_1_16' title="bbox 247 1676 998 1756; baseline -0.001 -16"><span class='ocrx_word' id='word_1_100' title='bbox 247 1676 360 1754; x_wconf 68' lang='lat' dir='ltr'>Reges,</span> <span class='ocrx_word' id='word_1_101' title='bbox 380 1677 471 1750; x_wconf 83' lang='lat' dir='ltr'>Alba,</span> <span class='ocrx_word' id='word_1_102' title='bbox 487 1686 564 1737; x_wconf 74' lang='lat' dir='ltr'>tuns</span> <span class='ocrx_word' id='word_1_103' title='bbox 587 1689 617 1738; x_wconf 90' lang='lat' dir='ltr'>et</span> <span class='ocrx_word' id='word_1_104' title='bbox 637 1697 744 1756; x_wconf 84' lang='lat' dir='ltr'>regum</span> <span class='ocrx_word' id='word_1_105' title='bbox 766 1679 845 1738; x_wconf 86' lang='lat' dir='ltr'>facta</span> <span class='ocrx_word' id='word_1_106' title='bbox 864 1689 998 1753; x_wconf 83' lang='lat' dir='ltr'>tuorum,</span> 
     </span>
    </p>

    <p class='ocr_par' dir='ltr' id='par_1_4' title="bbox 223 1762 1160 2012">
     <span class='ocr_line' id='line_1_17' title="bbox 288 1762 1050 1846; baseline 0.004 -23"><span class='ocrx_word' id='word_1_107' title='bbox 288 1763 423 1823; x_wconf 87' lang='lat' dir='ltr'>Tantum</span> <span class='ocrx_word' id='word_1_108' title='bbox 445 1762 556 1846; x_wconf 86' lang='lat' dir='ltr'>operis,</span> <span class='ocrx_word' id='word_1_109' title='bbox 578 1762 683 1824; x_wconf 86' lang='lat' dir='ltr'>nervis</span> <span class='ocrx_word' id='word_1_110' title='bbox 702 1762 819 1824; x_wconf 84' lang='lat' dir='ltr'>hiscere</span> <span class='ocrx_word' id='word_1_111' title='bbox 841 1783 932 1846; x_wconf 85' lang='lat' dir='ltr'>posse</span> <span class='ocrx_word' id='word_1_112' title='bbox 954 1766 1050 1841; x_wconf 57' lang='lat' dir='ltr'>meins</span> 
     </span>
     <span class='ocr_line' id='line_1_18' title="bbox 223 1846 1160 1930; baseline 0.01 -27"><span class='ocrx_word' id='word_1_113' title='bbox 223 1846 346 1907; x_wconf 78' lang='lat' dir='ltr'>nParva</span> <span class='ocrx_word' id='word_1_114' title='bbox 369 1867 407 1906; x_wconf 85' lang='lat' dir='ltr'>ue</span> <span class='ocrx_word' id='word_1_115' title='bbox 429 1858 493 1905; x_wconf 85' lang='lat' dir='ltr'>tam</span> <span class='ocrx_word' id='word_1_116' title='bbox 513 1846 635 1923; x_wconf 82' lang='lat' dir='ltr'>magnis</span> <span class='ocrx_word' id='word_1_117' title='bbox 656 1846 815 1906; x_wconf 87' lang='lat' dir='ltr'>admoram</span> <span class='ocrx_word' id='word_1_118' title='bbox 836 1848 972 1911; x_wconf 83' lang='lat' dir='ltr'>sontibus</span> <span class='ocrx_word' id='word_1_119' title='bbox 991 1872 1055 1930; x_wconf 85' lang='lat' dir='ltr'>ora,</span> <span class='ocrx_word' id='word_1_120' title='bbox 1089 1912 1092 1917; x_wconf 87' lang='grc'>,</span> <span class='ocrx_word' id='word_1_121' title='bbox 1158 1898 1160 1903; x_wconf 69' lang='lat'>,</span> 
     </span>
     <span class='ocr_line' id='line_1_19' title="bbox 294 1868 1095 2012; baseline 0.004 -22"><span class='ocrx_word' id='word_1_122' title='bbox 294 1868 381 1990; x_wconf 67' lang='lat' dir='ltr'>Unie</span> <span class='ocrx_word' id='word_1_123' title='bbox 404 1941 489 2012; x_wconf 87' lang='lat' dir='ltr'>pater</span> <span class='ocrx_word' id='word_1_124' title='bbox 510 1931 616 1990; x_wconf 80' lang='lat' dir='ltr'>sitiens</span> <span class='ocrx_word' id='word_1_125' title='bbox 636 1928 755 2007; x_wconf 80' lang='lat' dir='ltr'>Ennius</span> <span class='ocrx_word' id='word_1_126' title='bbox 776 1942 847 1992; x_wconf 88' lang='lat' dir='ltr'>ante</span> <span class='ocrx_word' id='word_1_127' title='bbox 869 1931 955 2010; x_wconf 82' lang='lat' dir='ltr'>bibit,</span> <span class='ocrx_word' id='word_1_128' title='bbox 1092 1936 1095 1941; x_wconf 86' lang='lat'>&#39;</span> 
     </span>
    </p>

    <p class='ocr_par' dir='ltr' id='par_1_5' title="bbox 251 2011 965 2185">
     <span class='ocr_line' id='line_1_20' title="bbox 251 2011 963 2101; baseline 0.003 -27"><span class='ocrx_word' id='word_1_129' title='bbox 251 2013 290 2075; x_wconf 87' lang='lat' dir='ltr'>Et</span> <span class='ocrx_word' id='word_1_130' title='bbox 314 2014 411 2075; x_wconf 80' lang='lat' dir='ltr'>cecini</span> <span class='ocrx_word' id='word_1_131' title='bbox 430 2011 539 2075; x_wconf 86' lang='lat' dir='ltr'>Curios</span> <span class='ocrx_word' id='word_1_132' title='bbox 557 2015 667 2076; x_wconf 72' lang='lat' dir='ltr'>fratres</span> <span class='ocrx_word' id='word_1_133' title='bbox 689 2011 721 2091; x_wconf 66' lang='lat' dir='ltr'>at</span> <span class='ocrx_word' id='word_1_134' title='bbox 741 2014 868 2076; x_wconf 88' lang='lat' dir='ltr'>Horatia</span> <span class='ocrx_word' id='word_1_135' title='bbox 889 2019 963 2101; x_wconf 86' lang='lat' dir='ltr'>pila,</span> 
     </span>
     <span class='ocr_line' id='line_1_21' title="bbox 258 2095 965 2185; baseline 0.01 -28"><span class='ocrx_word' id='word_1_136' title='bbox 258 2096 262 2103; x_wconf 86' lang='grc'><strong>’</strong></span> <span class='ocrx_word' id='word_1_137' title='bbox 295 2096 454 2181; x_wconf 78' lang='lat' dir='ltr'>Regiaque</span> <span class='ocrx_word' id='word_1_138' title='bbox 474 2095 613 2173; x_wconf 69' lang='lat' dir='ltr'>Atii&#39;rjrilia</span> <span class='ocrx_word' id='word_1_139' title='bbox 634 2108 721 2159; x_wconf 85' lang='lat' dir='ltr'>vecta</span> <span class='ocrx_word' id='word_1_140' title='bbox 744 2110 870 2185; x_wconf 86' lang='lat' dir='ltr'>tropaea</span> <span class='ocrx_word' id='word_1_141' title='bbox 890 2108 965 2179; x_wconf 80' lang='lat' dir='ltr'>rate,</span> 
     </span>
    </p>
   </div>
   <div class='ocr_carea' id='block_1_4' title="bbox 189 2172 1172 2330">
    <p class='ocr_par' dir='ltr' id='par_1_6' title="bbox 189 2172 1172 2330">
     <span class='ocr_line' id='line_1_22' title="bbox 189 2172 1172 2330; baseline 0.009 -86"><span class='ocrx_word' id='word_1_142' title='bbox 189 2182 192 2187; x_wconf 75' lang='grc'>’</span> <span class='ocrx_word' id='word_1_143' title='bbox 249 2183 458 2266; x_wconf 68' lang='lat' dir='ltr'>victricesque</span> <span class='ocrx_word' id='word_1_144' title='bbox 477 2172 582 2269; x_wconf 68' lang='lat' dir='ltr'>ninias</span> <span class='ocrx_word' id='word_1_145' title='bbox 596 2181 691 2245; x_wconf 82' lang='lat' dir='ltr'>&#39;Fabii</span> <span class='ocrx_word' id='word_1_146' title='bbox 707 2205 907 2330; x_wconf 75' lang='lat' dir='ltr'>pugnamque</span> <span class='ocrx_word' id='word_1_147' title='bbox 927 2183 1082 2249; x_wconf 77' lang='lat' dir='ltr'>sinistram</span> <span class='ocrx_word' id='word_1_148' title='bbox 1166 2246 1172 2253; x_wconf 93' lang='lat'>.</span> 
     </span>
    </p>
   </div>
   <div class='ocr_carea' id='block_1_5' title="bbox 167 2267 1184 3288">
    <p class='ocr_par' dir='ltr' id='par_1_7' title="bbox 189 2262 1092 2523">
     <span class='ocr_line' id='line_1_23' title="bbox 212 2267 1092 2359; baseline 0.003 -29"><span class='ocrx_word' id='word_1_149' title='bbox 212 2289 237 2330; x_wconf 76' lang='lat' dir='ltr'>ru</span> <span class='ocrx_word' id='word_1_150' title='bbox 293 2267 485 2333; x_wconf 83' lang='lat' dir='ltr'>Cannensem</span> <span class='ocrx_word' id='word_1_151' title='bbox 500 2262 705 2359; x_wconf 45' lang='grc' dir='ltr'>ζεϊγοτεοεα</span> <span class='ocrx_word' id='word_1_152' title='bbox 747 2270 797 2354; x_wconf 91' lang='lat' dir='ltr'>pia</span> <span class='ocrx_word' id='word_1_153' title='bbox 814 2280 888 2332; x_wconf 80' lang='lat' dir='ltr'>vota</span> <span class='ocrx_word' id='word_1_154' title='bbox 908 2270 993 2347; x_wconf 83' lang='lat' dir='ltr'>deos,</span> <span class='ocrx_word' id='word_1_155' title='bbox 1088 2318 1092 2333; x_wconf 77' lang='grc'><em>,</em></span> 
     </span>
     <span class='ocr_line' id='line_1_24' title="bbox 199 2348 1065 2441; baseline 0.002 -27"><span class='ocrx_word' id='word_1_156' title='bbox 199 2430 204 2439; x_wconf 36' lang='grc'>,</span> <span class='ocrx_word' id='word_1_157' title='bbox 252 2348 638 2441; x_wconf 56' lang='lat' dir='ltr'>Hannibalernqnejl‘iares</span> <span class='ocrx_word' id='word_1_158' title='bbox 657 2351 799 2415; x_wconf 85' lang='lat' dir='ltr'>Romana</span> <span class='ocrx_word' id='word_1_159' title='bbox 821 2354 895 2418; x_wconf 86' lang='lat' dir='ltr'>sede</span> <span class='ocrx_word' id='word_1_160' title='bbox 914 2356 1065 2437; x_wconf 75' lang='lat' dir='ltr'>fugantes,</span> 
     </span>
     <span class='ocr_line' id='line_1_25' title="bbox 189 2437 955 2523; baseline 0.003 -24"><span class='ocrx_word' id='word_1_161' title='bbox 189 2442 206 2467; x_wconf 82' lang='grc'>”</span> <span class='ocrx_word' id='word_1_162' title='bbox 293 2437 422 2500; x_wconf 80' lang='lat' dir='ltr'>Anseris</span> <span class='ocrx_word' id='word_1_163' title='bbox 445 2448 476 2498; x_wconf 87' lang='lat' dir='ltr'>et</span> <span class='ocrx_word' id='word_1_164' title='bbox 490 2442 597 2523; x_wconf 62' lang='lat' dir='ltr'>&#39;tributu</span> <span class='ocrx_word' id='word_1_165' title='bbox 618 2460 695 2500; x_wconf 88' lang='lat' dir='ltr'>vnce</span> <span class='ocrx_word' id='word_1_166' title='bbox 716 2441 811 2503; x_wconf 86' lang='lat' dir='ltr'>fnisse</span> <span class='ocrx_word' id='word_1_167' title='bbox 830 2440 955 2517; x_wconf 81' lang='lat' dir='ltr'>Iovem,</span> 
     </span>
    </p>

    <p class='ocr_par' dir='ltr' id='par_1_8' title="bbox 167 2514 1184 3288">
     <span class='ocr_line' id='line_1_26' title="bbox 252 2514 1093 2607; baseline 0.007 -22"><span class='ocrx_word' id='word_1_168' title='bbox 252 2522 330 2585; x_wconf 86' lang='lat' dir='ltr'>Cum</span> <span class='ocrx_word' id='word_1_169' title='bbox 352 2544 404 2585; x_wconf 90' lang='lat' dir='ltr'>me</span> <span class='ocrx_word' id='word_1_170' title='bbox 426 2514 738 2607; x_wconf 72' lang='lat' dir='ltr'>Castalia&#39;specnlans</span> <span class='ocrx_word' id='word_1_171' title='bbox 760 2546 800 2586; x_wconf 84' lang='lat' dir='ltr'>ex</span> <span class='ocrx_word' id='word_1_172' title='bbox 821 2529 928 2587; x_wconf 85' lang='lat' dir='ltr'>arbore</span> <span class='ocrx_word' id='word_1_173' title='bbox 947 2526 1093 2604; x_wconf 78' lang='lat' dir='ltr'>Phoebus</span> 
     </span>
     <span class='ocr_line' id='line_1_27' title="bbox 294 2604 1093 2687; baseline -0.001 -19"><span class='ocrx_word' id='word_1_174' title='bbox 294 2608 344 2668; x_wconf 80' lang='lat' dir='ltr'>Sic</span> <span class='ocrx_word' id='word_1_175' title='bbox 365 2610 416 2681; x_wconf 86' lang='lat' dir='ltr'>ait,</span> <span class='ocrx_word' id='word_1_176' title='bbox 440 2619 544 2667; x_wconf 87' lang='lat' dir='ltr'>aurata</span> <span class='ocrx_word' id='word_1_177' title='bbox 560 2604 658 2685; x_wconf 67' lang='lat' dir='ltr'>’nixus</span> <span class='ocrx_word' id='word_1_178' title='bbox 680 2608 718 2668; x_wconf 85' lang='lat' dir='ltr'>ad</span> <span class='ocrx_word' id='word_1_179' title='bbox 738 2620 823 2669; x_wconf 85' lang='lat' dir='ltr'>antra</span> <span class='ocrx_word' id='word_1_180' title='bbox 844 2611 920 2687; x_wconf 87' lang='lat' dir='ltr'>lyra.</span> <span class='ocrx_word' id='word_1_181' title='bbox 973 2617 976 2622; x_wconf 90' lang='lat'>&#39;</span> <span class='ocrx_word' id='word_1_182' title='bbox 1084 2677 1093 2685; x_wconf 24' lang='grc' dir='ltr'>ἱ</span> 
     </span>
     <span class='ocr_line' id='line_1_28' title="bbox 218 2684 1184 2777; baseline 0.002 -27"><span class='ocrx_word' id='word_1_183' title='bbox 218 2684 352 2766; x_wconf 69' lang='lat' dir='ltr'>tt‘Ouid</span> <span class='ocrx_word' id='word_1_184' title='bbox 373 2692 428 2750; x_wconf 91' lang='lat' dir='ltr'>tibi</span> <span class='ocrx_word' id='word_1_185' title='bbox 449 2712 520 2750; x_wconf 87' lang='lat' dir='ltr'>cum</span> <span class='ocrx_word' id='word_1_186' title='bbox 539 2688 604 2768; x_wconf 69' lang='lat' dir='ltr'>taii,</span> <span class='ocrx_word' id='word_1_187' title='bbox 626 2691 765 2768; x_wconf 85' lang='lat' dir='ltr'>demens,</span> <span class='ocrx_word' id='word_1_188' title='bbox 787 2703 834 2753; x_wconf 85' lang='lat' dir='ltr'>est</span> <span class='ocrx_word' id='word_1_189' title='bbox 853 2690 1005 2752; x_wconf 84' lang='lat' dir='ltr'>flumine?</span> <span class='ocrx_word' id='word_1_190' title='bbox 1027 2695 1097 2777; x_wconf 81' lang='lat' dir='ltr'>quis</span> <span class='ocrx_word' id='word_1_191' title='bbox 1118 2705 1184 2758; x_wconf 72' lang='lat' dir='ltr'>to‘.</span> 
     </span>
     <span class='ocr_line' id='line_1_29' title="bbox 295 2773 927 2859; baseline 0 -23"><span class='ocrx_word' id='word_1_192' title='bbox 295 2773 445 2836; x_wconf 83' lang='lat' dir='ltr'>Carminis</span> <span class='ocrx_word' id='word_1_193' title='bbox 466 2776 553 2836; x_wconf 88' lang='lat' dir='ltr'>heroi</span> <span class='ocrx_word' id='word_1_194' title='bbox 572 2786 701 2853; x_wconf 65' lang='lat' dir='ltr'>tangere⁵</span> <span class='ocrx_word' id='word_1_195' title='bbox 717 2777 806 2837; x_wconf 87' lang='lat' dir='ltr'>iussit</span> <span class='ocrx_word' id='word_1_196' title='bbox 827 2775 927 2859; x_wconf 84' lang='lat' dir='ltr'>opus?</span> 
     </span>
     <span class='ocr_line' id='line_1_30' title="bbox 213 2858 1083 2944; baseline 0.001 -21"><span class='ocrx_word' id='word_1_197' title='bbox 213 2868 216 2873; x_wconf 85' lang='grc'><strong>’</strong></span> <span class='ocrx_word' id='word_1_198' title='bbox 252 2858 322 2923; x_wconf 66' lang='lat' dir='ltr'>tion</span> <span class='ocrx_word' id='word_1_199' title='bbox 343 2860 393 2921; x_wconf 93' lang='lat' dir='ltr'>hic</span> <span class='ocrx_word' id='word_1_200' title='bbox 414 2859 475 2919; x_wconf 85' lang='lat' dir='ltr'>uila</span> <span class='ocrx_word' id='word_1_201' title='bbox 495 2860 551 2923; x_wconf 87' lang='lat' dir='ltr'>tibi</span> <span class='ocrx_word' id='word_1_202' title='bbox 571 2859 721 2943; x_wconf 83' lang='lat' dir='ltr'>speranda</span> <span class='ocrx_word' id='word_1_203' title='bbox 743 2871 790 2923; x_wconf 89' lang='lat' dir='ltr'>est</span> <span class='ocrx_word' id='word_1_204' title='bbox 809 2861 902 2937; x_wconf 83' lang='lat' dir='ltr'>sarna,</span> <span class='ocrx_word' id='word_1_205' title='bbox 924 2860 1083 2944; x_wconf 75' lang='lat' dir='ltr'>Properti:</span> 
     </span>
     <span class='ocr_line' id='line_1_31' title="bbox 223 2942 1055 3029; baseline 0.005 -24"><span class='ocrx_word' id='word_1_206' title='bbox 223 3011 228 3019; x_wconf 14' lang='grc' dir='ltr'>ζ</span> <span class='ocrx_word' id='word_1_207' title='bbox 273 2942 403 3023; x_wconf 75' lang='lat' dir='ltr'>Mollia</span> <span class='ocrx_word' id='word_1_208' title='bbox 425 2955 498 3007; x_wconf 85' lang='lat' dir='ltr'>sunt</span> <span class='ocrx_word' id='word_1_209' title='bbox 521 2945 625 3028; x_wconf 80' lang='lat' dir='ltr'>parvis</span> <span class='ocrx_word' id='word_1_210' title='bbox 647 2958 735 3029; x_wconf 83' lang='lat' dir='ltr'>prata</span> <span class='ocrx_word' id='word_1_211' title='bbox 758 2944 879 3008; x_wconf 82' lang='lat' dir='ltr'>tacenda</span> <span class='ocrx_word' id='word_1_212' title='bbox 901 2948 986 3022; x_wconf 88' lang='lat' dir='ltr'>rotis,</span> <span class='ocrx_word' id='word_1_213' title='bbox 1053 2948 1055 2959; x_wconf 92' lang='lat'>&#39;</span> 
     </span>
     <span class='ocr_line' id='line_1_32' title="bbox 167 3022 1056 3116; baseline 0.001 -26"><span class='ocrx_word' id='word_1_214' title='bbox 167 3022 194 3099; x_wconf 66' lang='grc' dir='ltr'>ζ.</span> <span class='ocrx_word' id='word_1_215' title='bbox 253 3026 294 3090; x_wconf 87' lang='lat' dir='ltr'>Ut</span> <span class='ocrx_word' id='word_1_216' title='bbox 314 3041 385 3091; x_wconf 83' lang='lat' dir='ltr'>tuus</span> <span class='ocrx_word' id='word_1_217' title='bbox 405 3029 437 3088; x_wconf 94' lang='lat' dir='ltr'>in</span> <span class='ocrx_word' id='word_1_218' title='bbox 458 3031 732 3093; x_wconf 84' lang='lat' dir='ltr'>scamnoiactetur</span> <span class='ocrx_word' id='word_1_219' title='bbox 753 3052 845 3116; x_wconf 83' lang='lat' dir='ltr'>saepe</span> <span class='ocrx_word' id='word_1_220' title='bbox 865 3030 998 3110; x_wconf 82' lang='lat' dir='ltr'>libellus,</span> <span class='ocrx_word' id='word_1_221' title='bbox 1053 3082 1056 3091; x_wconf 95' lang='lat'><em>.</em></span> 
     </span>
     <span class='ocr_line' id='line_1_33' title="bbox 169 3112 1036 3201; baseline 0.007 -30"><span class='ocrx_word' id='word_1_222' title='bbox 169 3158 180 3199; x_wconf 25' lang='grc' dir='ltr'>,Ι</span> <span class='ocrx_word' id='word_1_223' title='bbox 219 3129 247 3169; x_wconf 77' lang='lat' dir='ltr'>sn</span> <span class='ocrx_word' id='word_1_224' title='bbox 300 3112 405 3193; x_wconf 83' lang='lat' dir='ltr'>Quem</span> <span class='ocrx_word' id='word_1_225' title='bbox 424 3115 507 3193; x_wconf 81' lang='lat' dir='ltr'>legat</span> <span class='ocrx_word' id='word_1_226' title='bbox 528 3128 694 3197; x_wconf 86' lang='lat' dir='ltr'>expectans</span> <span class='ocrx_word' id='word_1_227' title='bbox 715 3119 781 3179; x_wconf 81' lang='lat' dir='ltr'>sola</span> <span class='ocrx_word' id='word_1_228' title='bbox 799 3118 903 3201; x_wconf 91' lang='lat' dir='ltr'>puella</span> <span class='ocrx_word' id='word_1_229' title='bbox 923 3119 1036 3187; x_wconf 79' lang='lat' dir='ltr'>virum.</span> 
     </span>
     <span class='ocr_line' id='line_1_34' title="bbox 228 3196 1051 3288; baseline 0.008 -27.539"><span class='ocrx_word' id='word_1_230' title='bbox 228 3208 241 3231; x_wconf 78' lang='lat'>²&#39;</span> <span class='ocrx_word' id='word_1_231' title='bbox 253 3196 314 3260; x_wconf 82' lang='lat' dir='ltr'>Cur</span> <span class='ocrx_word' id='word_1_232' title='bbox 334 3210 387 3277; x_wconf 80' lang='lat' dir='ltr'>tua</span> <span class='ocrx_word' id='word_1_233' title='bbox 407 3199 589 3283; x_wconf 84' lang='lat' dir='ltr'>praescripto</span> <span class='ocrx_word' id='word_1_234' title='bbox 611 3210 733 3263; x_wconf 83' lang='lat' dir='ltr'>sevacta</span> <span class='ocrx_word' id='word_1_235' title='bbox 753 3213 800 3264; x_wconf 87' lang='lat' dir='ltr'>est</span> <span class='ocrx_word' id='word_1_236' title='bbox 821 3202 932 3288; x_wconf 82' lang='lat' dir='ltr'>pa&#39;gina</span> <span class='ocrx_word' id='word_1_237' title='bbox 953 3203 1051 3284; x_wconf 81' lang='lat' dir='ltr'>gyro?</span> 
     </span>
    </p>
   </div>
   <div class='ocr_carea' id='block_1_6' title="bbox 106 3342 1212 3832">
    <p class='ocr_par' dir='ltr' id='par_1_9' title="bbox 106 3342 1212 3832">
     <span class='ocr_line' id='line_1_35' title="bbox 171 3342 1211 3415; baseline 0.013 -19"><span class='ocrx_word' id='word_1_238' title='bbox 171 3364 176 3375; x_wconf 94' lang='lat'>·</span> <span class='ocrx_word' id='word_1_239' title='bbox 240 3344 266 3407; x_wconf 78' lang='lat'>2,</span> <span class='ocrx_word' id='word_1_240' title='bbox 286 3344 405 3399; x_wconf 53' lang='lat' dir='ltr'>ancara</span> <span class='ocrx_word' id='word_1_241' title='bbox 423 3342 488 3401; x_wconf 80' lang='lat' dir='ltr'>NR.</span> <span class='ocrx_word' id='word_1_242' title='bbox 582 3347 622 3403; x_wconf 75' lang='lat'>14.</span> <span class='ocrx_word' id='word_1_243' title='bbox 640 3346 676 3399; x_wconf 88' lang='lat' dir='ltr'>Et</span> <span class='ocrx_word' id='word_1_244' title='bbox 692 3363 737 3399; x_wconf 87' lang='lat' dir='ltr'>om</span> <span class='ocrx_word' id='word_1_245' title='bbox 757 3351 794 3401; x_wconf 88' lang='lat' dir='ltr'>N.</span> <span class='ocrx_word' id='word_1_246' title='bbox 879 3349 1026 3406; x_wconf 70' lang='lat' dir='ltr'>deessset.</span> <span class='ocrx_word' id='word_1_247' title='bbox 1110 3353 1211 3415; x_wconf 47' lang='lat' dir='ltr'>liceat</span> 
     </span>
     <span class='ocr_line' id='line_1_36' title="bbox 126 3408 1209 3484; baseline 0.017 -21"><span class='ocrx_word' id='word_1_248' title='bbox 126 3408 256 3469; x_wconf 43' lang='lat' dir='ltr'>‘GNn</span> <span class='ocrx_word' id='word_1_249' title='bbox 357 3431 396 3484; x_wconf 79' lang='lat'>¹7·</span> <span class='ocrx_word' id='word_1_250' title='bbox 414 3413 585 3481; x_wconf 76' lang='lat' dir='ltr'>‹incti1cauii</span> <span class='ocrx_word' id='word_1_251' title='bbox 605 3413 642 3467; x_wconf 84' lang='lat' dir='ltr'>G.</span> <span class='ocrx_word' id='word_1_252' title='bbox 734 3431 774 3484; x_wconf 80' lang='lat'>¹9·</span> <span class='ocrx_word' id='word_1_253' title='bbox 792 3418 863 3471; x_wconf 82' lang='lat' dir='ltr'>Haec</span> <span class='ocrx_word' id='word_1_254' title='bbox 881 3418 919 3474; x_wconf 83' lang='lat' dir='ltr'>G.</span> <span class='ocrx_word' id='word_1_255' title='bbox 1018 3436 1061 3476; x_wconf 80' lang='lat' dir='ltr'>an.</span> <span class='ocrx_word' id='word_1_256' title='bbox 1077 3431 1155 3476; x_wconf 71' lang='lat' dir='ltr'>vacat</span> <span class='ocrx_word' id='word_1_257' title='bbox 1173 3426 1209 3482; x_wconf 78' lang='lat' dir='ltr'>ii.</span> 
     </span>
     <span class='ocr_line' id='line_1_37' title="bbox 106 3479 918 3553; baseline 0.006 -22"><span class='ocrx_word' id='word_1_258' title='bbox 106 3488 109 3493; x_wconf 92' lang='lat'>&#39;</span> <span class='ocrx_word' id='word_1_259' title='bbox 205 3494 248 3551; x_wconf 67' lang='lat' dir='ltr'>nr.</span> <span class='ocrx_word' id='word_1_260' title='bbox 269 3481 395 3536; x_wconf 69' lang='lat' dir='ltr'>subducit</span> <span class='ocrx_word' id='word_1_261' title='bbox 412 3480 450 3537; x_wconf 83' lang='lat' dir='ltr'>N.</span> <span class='ocrx_word' id='word_1_262' title='bbox 515 3498 558 3537; x_wconf 75' lang='lat' dir='ltr'>aa.</span> <span class='ocrx_word' id='word_1_263' title='bbox 576 3479 698 3553; x_wconf 71' lang='lat' dir='ltr'>pondere</span> <span class='ocrx_word' id='word_1_264' title='bbox 715 3480 752 3541; x_wconf 85' lang='lat' dir='ltr'>N.</span> <span class='ocrx_word' id='word_1_265' title='bbox 914 3515 918 3522; x_wconf 90' lang='lat'><strong>·</strong></span> 
     </span>
     <span class='ocr_line' id='line_1_38' title="bbox 237 3550 1208 3617; baseline 0.01 -14"><span class='ocrx_word' id='word_1_266' title='bbox 237 3550 265 3615; x_wconf 77' lang='lat'>3,</span> <span class='ocrx_word' id='word_1_267' title='bbox 286 3568 309 3611; x_wconf 85' lang='grc' dir='ltr'>ι,</span> <span class='ocrx_word' id='word_1_268' title='bbox 326 3552 411 3606; x_wconf 81' lang='lat' dir='ltr'>Nisus</span> <span class='ocrx_word' id='word_1_269' title='bbox 430 3551 460 3609; x_wconf 86' lang='grc' dir='ltr'>Ρ.</span> <span class='ocrx_word' id='word_1_270' title='bbox 526 3571 551 3604; x_wconf 77' lang='lat' dir='ltr'>a.</span> <span class='ocrx_word' id='word_1_271' title='bbox 570 3553 745 3606; x_wconf 83' lang='lat' dir='ltr'>ettoiorontei</span> <span class='ocrx_word' id='word_1_272' title='bbox 758 3555 797 3604; x_wconf 84' lang='lat' dir='ltr'>N.</span> <span class='ocrx_word' id='word_1_273' title='bbox 860 3552 887 3607; x_wconf 79' lang='lat'>6.</span> <span class='ocrx_word' id='word_1_274' title='bbox 903 3556 990 3611; x_wconf 76' lang='lat' dir='ltr'>sciens</span> <span class='ocrx_word' id='word_1_275' title='bbox 1009 3559 1047 3612; x_wconf 83' lang='lat' dir='ltr'>N.</span> <span class='ocrx_word' id='word_1_276' title='bbox 1104 3555 1158 3612; x_wconf 89' lang='lat' dir='ltr'>ibit</span> <span class='ocrx_word' id='word_1_277' title='bbox 1169 3558 1208 3617; x_wconf 84' lang='lat' dir='ltr'>N.</span> 
     </span>
     <span class='ocr_line' id='line_1_39' title="bbox 204 3617 1212 3695; baseline 0.004 -27"><span class='ocrx_word' id='word_1_278' title='bbox 204 3617 231 3668; x_wconf 88' lang='lat'>7.</span> <span class='ocrx_word' id='word_1_279' title='bbox 249 3624 348 3676; x_wconf 83' lang='lat' dir='ltr'>cecinit</span> <span class='ocrx_word' id='word_1_280' title='bbox 364 3621 445 3676; x_wconf 85' lang='lat' dir='ltr'>GNr.</span> <span class='ocrx_word' id='word_1_281' title='bbox 510 3623 602 3676; x_wconf 75' lang='lat' dir='ltr'>corius</span> <span class='ocrx_word' id='word_1_282' title='bbox 621 3622 658 3677; x_wconf 84' lang='lat' dir='ltr'>N.</span> <span class='ocrx_word' id='word_1_283' title='bbox 723 3621 810 3673; x_wconf 80' lang='lat' dir='ltr'>uratia</span> <span class='ocrx_word' id='word_1_284' title='bbox 827 3619 877 3678; x_wconf 83' lang='lat' dir='ltr'>Gr.</span> <span class='ocrx_word' id='word_1_285' title='bbox 897 3620 904 3629; x_wconf 82' lang='grc'><em>”</em></span> <span class='ocrx_word' id='word_1_286' title='bbox 945 3627 970 3678; x_wconf 84' lang='grc'>8.</span> <span class='ocrx_word' id='word_1_287' title='bbox 988 3623 1071 3690; x_wconf 80' lang='lat' dir='ltr'>Regia</span> <span class='ocrx_word' id='word_1_288' title='bbox 1088 3631 1212 3695; x_wconf 79' lang='lat' dir='ltr'>quemi.</span> 
     </span>
     <span class='ocr_line' id='line_1_40' title="bbox 170 3683 1210 3766; baseline 0.011 -25"><span class='ocrx_word' id='word_1_289' title='bbox 170 3683 207 3737; x_wconf 79' lang='lat' dir='ltr'>lia</span> <span class='ocrx_word' id='word_1_290' title='bbox 227 3686 261 3737; x_wconf 82' lang='lat' dir='ltr'>N·</span> <span class='ocrx_word' id='word_1_291' title='bbox 347 3688 490 3761; x_wconf 67' lang='lat' dir='ltr'>araphan·</span> <span class='ocrx_word' id='word_1_292' title='bbox 510 3689 575 3744; x_wconf 82' lang='lat' dir='ltr'>GR.</span> <span class='ocrx_word' id='word_1_293' title='bbox 677 3699 752 3744; x_wconf 71' lang='lat' dir='ltr'>ratas</span> <span class='ocrx_word' id='word_1_294' title='bbox 772 3688 810 3745; x_wconf 85' lang='lat' dir='ltr'>G.</span> <span class='ocrx_word' id='word_1_295' title='bbox 915 3708 955 3745; x_wconf 84' lang='grc' dir='ltr'>ιο.</span> <span class='ocrx_word' id='word_1_296' title='bbox 979 3710 1071 3745; x_wconf 75' lang='lat' dir='ltr'>venus</span> <span class='ocrx_word' id='word_1_297' title='bbox 1093 3698 1155 3766; x_wconf 78' lang='lat' dir='ltr'>apia</span> <span class='ocrx_word' id='word_1_298' title='bbox 1173 3702 1210 3753; x_wconf 86' lang='lat' dir='ltr'>N.</span> 
     </span>
     <span class='ocr_line' id='line_1_41' title="bbox 208 3755 1178 3832; baseline 0.018 -28"><span class='ocrx_word' id='word_1_299' title='bbox 208 3772 248 3805; x_wconf 81' lang='lat' dir='ltr'>rr.</span> <span class='ocrx_word' id='word_1_300' title='bbox 265 3755 344 3810; x_wconf 73' lang='lat' dir='ltr'>licias</span> <span class='ocrx_word' id='word_1_301' title='bbox 362 3760 397 3810; x_wconf 90' lang='lat' dir='ltr'>N.</span> <span class='ocrx_word' id='word_1_302' title='bbox 452 3763 491 3817; x_wconf 71' lang='lat'>25.</span> <span class='ocrx_word' id='word_1_303' title='bbox 510 3763 572 3831; x_wconf 84' lang='lat' dir='ltr'>quis</span> <span class='ocrx_word' id='word_1_304' title='bbox 591 3778 622 3813; x_wconf 77' lang='lat' dir='ltr'>cc</span> <span class='ocrx_word' id='word_1_305' title='bbox 639 3782 662 3811; x_wconf 89' lang='lat' dir='ltr'>r.</span> <span class='ocrx_word' id='word_1_306' title='bbox 715 3777 757 3815; x_wconf 66' lang='lat' dir='ltr'>ar·</span> <span class='ocrx_word' id='word_1_307' title='bbox 776 3761 928 3832; x_wconf 69' lang='lat' dir='ltr'>perscripto</span> <span class='ocrx_word' id='word_1_308' title='bbox 948 3760 984 3814; x_wconf 90' lang='lat' dir='ltr'>N.</span> <span class='ocrx_word' id='word_1_309' title='bbox 1035 3761 1133 3820; x_wconf 77' lang='lat' dir='ltr'>neiecta</span> <span class='ocrx_word' id='word_1_310' title='bbox 1146 3766 1178 3821; x_wconf 85' lang='grc' dir='ltr'>Ρ.</span> 
     </span>
    </p>
   </div>
   <div class='ocr_carea' id='block_1_7' title="bbox 172 3853 289 3926">
    <p class='ocr_par' dir='ltr' id='par_1_10' title="bbox 172 3853 289 3926">
     <span class='ocr_line' id='line_1_42' title="bbox 172 3853 289 3926; baseline 0 -4"><span class='ocrx_word' id='word_1_311' title='bbox 172 3853 234 3926; x_wconf 64' lang='lat' dir='ltr'>aa,</span> <span class='ocrx_word' id='word_1_312' title='bbox 254 3869 289 3922; x_wconf 82' lang='grc' dir='ltr'>Ν.</span> 
     </span>
    </p>
   </div>
   <div class='ocr_carea' id='block_1_8' title="bbox 0 0 1250 4358">
    <p class='ocr_par' dir='ltr' id='par_1_11' title="bbox 0 0 1250 4358">
     <span class='ocr_line' id='line_1_43' title="bbox 0 0 1250 4358; baseline 0 0"><span class='ocrx_word' id='word_1_313' title='bbox 0 0 1250 4358; x_wconf 95' lang='lat' dir='ltr'> </span> 
     </span>
    </p>
   </div>
  </div>
 </body>
</html>
