<?xml version="1.0" encoding="UTF-8"?>
<!DOCTYPE html PUBLIC "-//W3C//DTD XHTML 1.0 Transitional//EN"
    "http://www.w3.org/TR/xhtml1/DTD/xhtml1-transitional.dtd">
<html xmlns="http://www.w3.org/1999/xhtml" xml:lang="en" lang="en">
 <head>
  <title>
</title>
<meta http-equiv="Content-Type" content="text/html;charset=utf-8" />
  <meta name='ocr-system' content='tesseract 3.04.00' />
  <meta name='ocr-capabilities' content='ocr_page ocr_carea ocr_par ocr_line ocrx_word'/>
</head>
<body>
  <div class='ocr_page' id='page_1' title='image "./sexaureliiprope00propgoog_0085.png"; bbox 0 0 2490 4358; ppageno 0'>
   <div class='ocr_carea' id='block_1_1' title="bbox 63 166 1006 263">
    <p class='ocr_par' dir='ltr' id='par_1_1' title="bbox 63 166 1006 263">
     <span class='ocr_line' id='line_1_1' title="bbox 63 166 1006 263; baseline 0.015 -26"><span class='ocrx_word' id='word_1_1' title='bbox 63 184 67 193; x_wconf 67' lang='lat'><em>=</em></span> <span class='ocrx_word' id='word_1_2' title='bbox 110 171 168 261; x_wconf 58' lang='lat' dir='ltr'>iao</span> <span class='ocrx_word' id='word_1_3' title='bbox 263 166 838 263; x_wconf 76' lang='lat' dir='ltr'>rauraar11u1e.·1v.(1u.)</span> <span class='ocrx_word' id='word_1_4' title='bbox 866 185 922 249; x_wconf 77' lang='lat' dir='ltr'>ss.</span> <span class='ocrx_word' id='word_1_5' title='bbox 949 171 1006 250; x_wconf 77' lang='lat' dir='ltr'>ra</span> 
     </span>
    </p>
   </div>
   <div class='ocr_carea' id='block_1_2' title="bbox 24 352 1150 2223">
    <p class='ocr_par' dir='ltr' id='par_1_2' title="bbox 24 352 1150 2223">
     <span class='ocr_line' id='line_1_2' title="bbox 240 352 917 435; baseline 0.001 -18"><span class='ocrx_word' id='word_1_6' title='bbox 240 353 378 433; x_wconf 76' lang='lat' dir='ltr'>iiior-ibus</span> <span class='ocrx_word' id='word_1_7' title='bbox 399 355 447 419; x_wconf 90' lang='lat' dir='ltr'>his</span> <span class='ocrx_word' id='word_1_8' title='bbox 463 353 529 415; x_wconf 90' lang='lat' dir='ltr'>alia</span> <span class='ocrx_word' id='word_1_9' title='bbox 549 354 678 435; x_wconf 85' lang='lat' dir='ltr'>coniuge</span> <span class='ocrx_word' id='word_1_10' title='bbox 698 352 810 434; x_wconf 85' lang='lat' dir='ltr'>dignus</span> <span class='ocrx_word' id='word_1_11' title='bbox 830 359 917 420; x_wconf 73' lang='lat' dir='ltr'>eras.l</span> 
     </span>
     <span class='ocr_line' id='line_1_3' title="bbox 199 439 905 525; baseline 0 -22"><span class='ocrx_word' id='word_1_12' title='bbox 199 439 285 523; x_wconf 83' lang='lat' dir='ltr'>Quid</span> <span class='ocrx_word' id='word_1_13' title='bbox 304 442 396 503; x_wconf 87' lang='lat' dir='ltr'>faciet</span> <span class='ocrx_word' id='word_1_14' title='bbox 414 441 501 503; x_wconf 92' lang='lat' dir='ltr'>nullo</span> <span class='ocrx_word' id='word_1_15' title='bbox 520 440 640 513; x_wconf 90' lang='lat' dir='ltr'>munita</span> <span class='ocrx_word' id='word_1_16' title='bbox 660 442 765 525; x_wconf 91' lang='lat' dir='ltr'>puella</span> <span class='ocrx_word' id='word_1_17' title='bbox 784 442 905 520; x_wconf 87' lang='lat' dir='ltr'>timore,</span> 
     </span>
     <span class='ocr_line' id='line_1_4' title="bbox 219 521 951 604; baseline 0 -15"><span class='ocrx_word' id='word_1_18' title='bbox 219 525 318 597; x_wconf 78' lang='lat' dir='ltr'>,Cum</span> <span class='ocrx_word' id='word_1_19' title='bbox 339 527 379 589; x_wconf 90' lang='lat' dir='ltr'>sit</span> <span class='ocrx_word' id='word_1_20' title='bbox 396 525 538 589; x_wconf 81' lang='lat' dir='ltr'>luxuriae</span> <span class='ocrx_word' id='word_1_21' title='bbox 559 521 661 586; x_wconf 89' lang='lat' dir='ltr'>Roma</span> <span class='ocrx_word' id='word_1_22' title='bbox 681 526 827 604; x_wconf 87' lang='lat' dir='ltr'>magistra</span> <span class='ocrx_word' id='word_1_23' title='bbox 847 525 951 589; x_wconf 82' lang='lat' dir='ltr'>suae?</span> 
     </span>
     <span class='ocr_line' id='line_1_5' title="bbox 200 606 1027 692; baseline -0.004 -16"><span class='ocrx_word' id='word_1_24' title='bbox 200 608 261 676; x_wconf 84' lang='lat' dir='ltr'>Sed</span> <span class='ocrx_word' id='word_1_25' title='bbox 282 606 405 674; x_wconf 87' lang='lat' dir='ltr'>securus</span> <span class='ocrx_word' id='word_1_26' title='bbox 426 631 493 672; x_wconf 91' lang='lat' dir='ltr'>eas:</span> <span class='ocrx_word' id='word_1_27' title='bbox 517 607 639 672; x_wconf 86' lang='lat' dir='ltr'>Gallam</span> <span class='ocrx_word' id='word_1_28' title='bbox 658 630 723 672; x_wconf 90' lang='lat' dir='ltr'>non</span> <span class='ocrx_word' id='word_1_29' title='bbox 742 631 872 672; x_wconf 87' lang='lat' dir='ltr'>munera</span> <span class='ocrx_word' id='word_1_30' title='bbox 891 611 1027 692; x_wconf 81' lang='lat' dir='ltr'>vincent,</span> 
     </span>
     <span class='ocr_line' id='line_1_6' title="bbox 166 695 919 779; baseline 0 -19"><span class='ocrx_word' id='word_1_31' title='bbox 166 700 192 741; x_wconf 72' lang='lat'>2⁰</span> <span class='ocrx_word' id='word_1_32' title='bbox 239 697 440 779; x_wconf 86' lang='lat' dir='ltr'>Duritiaeque</span> <span class='ocrx_word' id='word_1_33' title='bbox 460 706 532 758; x_wconf 89' lang='lat' dir='ltr'>tuae</span> <span class='ocrx_word' id='word_1_34' title='bbox 553 716 616 756; x_wconf 91' lang='lat' dir='ltr'>non</span> <span class='ocrx_word' id='word_1_35' title='bbox 637 695 694 756; x_wconf 90' lang='lat' dir='ltr'>erit</span> <span class='ocrx_word' id='word_1_36' title='bbox 713 696 768 757; x_wconf 90' lang='lat' dir='ltr'>illa</span> <span class='ocrx_word' id='word_1_37' title='bbox 787 716 919 760; x_wconf 87' lang='lat' dir='ltr'>mernor.</span> 
     </span>
     <span class='ocr_line' id='line_1_7' title="bbox 128 778 1032 866; baseline -0.006 -21"><span class='ocrx_word' id='word_1_38' title='bbox 128 796 132 801; x_wconf 79' lang='grc'><em>’</em></span> <span class='ocrx_word' id='word_1_39' title='bbox 199 781 281 846; x_wconf 90' lang='lat' dir='ltr'>Nam</span> <span class='ocrx_word' id='word_1_40' title='bbox 302 801 495 866; x_wconf 88' lang='lat' dir='ltr'>quocumque</span> <span class='ocrx_word' id='word_1_41' title='bbox 515 778 566 840; x_wconf 88' lang='lat' dir='ltr'>die</span> <span class='ocrx_word' id='word_1_42' title='bbox 588 782 710 842; x_wconf 83' lang='lat' dir='ltr'>salvum</span> <span class='ocrx_word' id='word_1_43' title='bbox 730 791 761 842; x_wconf 85' lang='lat' dir='ltr'>te</span> <span class='ocrx_word' id='word_1_44' title='bbox 782 783 845 842; x_wconf 86' lang='lat' dir='ltr'>fata</span> <span class='ocrx_word' id='word_1_45' title='bbox 864 782 1032 859; x_wconf 84' lang='lat' dir='ltr'>remittent,</span> 
     </span>
     <span class='ocr_line' id='line_1_8' title="bbox 239 859 810 949; baseline -0.005 -20"><span class='ocrx_word' id='word_1_46' title='bbox 239 866 390 930; x_wconf 89' lang='lat' dir='ltr'>Pendebit</span> <span class='ocrx_word' id='word_1_47' title='bbox 409 866 487 926; x_wconf 90' lang='lat' dir='ltr'>collo</span> <span class='ocrx_word' id='word_1_48' title='bbox 509 859 598 927; x_wconf 87' lang='lat' dir='ltr'>Galla</span> <span class='ocrx_word' id='word_1_49' title='bbox 617 863 727 949; x_wconf 89' lang='lat' dir='ltr'>pudica</span> <span class='ocrx_word' id='word_1_50' title='bbox 746 875 810 926; x_wconf 93' lang='lat' dir='ltr'>tuo.</span> 
     </span>
     <span class='ocr_line' id='line_1_9' title="bbox 197 948 989 1028; baseline -0.001 -12"><span class='ocrx_word' id='word_1_51' title='bbox 197 953 362 1016; x_wconf 84' lang='lat' dir='ltr'><strong>Postumus</strong></span> <span class='ocrx_word' id='word_1_52' title='bbox 383 952 460 1012; x_wconf 89' lang='lat' dir='ltr'>alter</span> <span class='ocrx_word' id='word_1_53' title='bbox 479 950 536 1011; x_wconf 90' lang='lat' dir='ltr'>erit</span> <span class='ocrx_word' id='word_1_54' title='bbox 554 949 694 1010; x_wconf 89' lang='lat' dir='ltr'>miranda</span> <span class='ocrx_word' id='word_1_55' title='bbox 717 951 847 1028; x_wconf 90' lang='lat' dir='ltr'>coniuge</span> <span class='ocrx_word' id='word_1_56' title='bbox 869 948 989 1015; x_wconf 80' lang='lat' dir='ltr'>Ulixes.</span> 
     </span>
     <span class='ocr_line' id='line_1_10' title="bbox 236 1036 858 1115; baseline -0.005 -16"><span class='ocrx_word' id='word_1_57' title='bbox 236 1037 307 1099; x_wconf 88' lang='lat' dir='ltr'>Non</span> <span class='ocrx_word' id='word_1_58' title='bbox 328 1036 376 1097; x_wconf 91' lang='lat' dir='ltr'>illi</span> <span class='ocrx_word' id='word_1_59' title='bbox 392 1038 504 1115; x_wconf 87' lang='lat' dir='ltr'>longae</span> <span class='ocrx_word' id='word_1_60' title='bbox 523 1043 570 1096; x_wconf 90' lang='lat' dir='ltr'>tot</span> <span class='ocrx_word' id='word_1_61' title='bbox 589 1055 722 1097; x_wconf 83' lang='lat' dir='ltr'>nocuere</span> <span class='ocrx_word' id='word_1_62' title='bbox 741 1055 858 1112; x_wconf 89' lang='lat' dir='ltr'>morae,</span> 
     </span>
     <span class='ocr_line' id='line_1_11' title="bbox 159 1117 1150 1213; baseline 0.003 -27"><span class='ocrx_word' id='word_1_63' title='bbox 159 1135 186 1175; x_wconf 79' lang='lat'>2⁵</span> <span class='ocrx_word' id='word_1_64' title='bbox 200 1123 303 1187; x_wconf 86' lang='lat' dir='ltr'>Castra</span> <span class='ocrx_word' id='word_1_65' title='bbox 314 1120 422 1183; x_wconf 85' lang='lat' dir='ltr'>desem</span> <span class='ocrx_word' id='word_1_66' title='bbox 433 1130 593 1198; x_wconf 84' lang='lat' dir='ltr'>annorum,</span> <span class='ocrx_word' id='word_1_67' title='bbox 606 1133 637 1181; x_wconf 90' lang='lat' dir='ltr'>et</span> <span class='ocrx_word' id='word_1_68' title='bbox 646 1117 796 1182; x_wconf 82' lang='lat' dir='ltr'>Ciconum</span> <span class='ocrx_word' id='word_1_69' title='bbox 806 1139 898 1193; x_wconf 87' lang='lat' dir='ltr'>mous</span> <span class='ocrx_word' id='word_1_70' title='bbox 907 1117 1037 1198; x_wconf 88' lang='lat' dir='ltr'>Ismara,</span> <span class='ocrx_word' id='word_1_71' title='bbox 1048 1121 1150 1213; x_wconf 87' lang='lat' dir='ltr'>Calpe,</span> 
     </span>
     <span class='ocr_line' id='line_1_12' title="bbox 165 1203 991 1288; baseline -0.002 -18"><span class='ocrx_word' id='word_1_72' title='bbox 165 1266 170 1275; x_wconf 88' lang='grc'><strong>,</strong></span> <span class='ocrx_word' id='word_1_73' title='bbox 191 1266 196 1279; x_wconf 89' lang='grc'><em>,</em></span> <span class='ocrx_word' id='word_1_74' title='bbox 238 1207 436 1288; x_wconf 82' lang='lat' dir='ltr'>Exustaeque</span> <span class='ocrx_word' id='word_1_75' title='bbox 456 1215 537 1266; x_wconf 84' lang='lat' dir='ltr'>tuae</span> <span class='ocrx_word' id='word_1_76' title='bbox 551 1226 639 1278; x_wconf 87' lang='lat' dir='ltr'>mox,</span> <span class='ocrx_word' id='word_1_77' title='bbox 659 1203 861 1288; x_wconf 85' lang='lat' dir='ltr'>Polypheme,</span> <span class='ocrx_word' id='word_1_78' title='bbox 882 1226 991 1286; x_wconf 86' lang='lat' dir='ltr'>genae,</span> 
     </span>
     <span class='ocr_line' id='line_1_13' title="bbox 195 1288 1031 1373; baseline -0.007 -14"><span class='ocrx_word' id='word_1_79' title='bbox 195 1292 236 1359; x_wconf 82' lang='lat' dir='ltr'>Et</span> <span class='ocrx_word' id='word_1_80' title='bbox 257 1290 358 1354; x_wconf 86' lang='lat' dir='ltr'>Circes</span> <span class='ocrx_word' id='word_1_81' title='bbox 379 1288 516 1367; x_wconf 80' lang='lat' dir='ltr'>fraudes,</span> <span class='ocrx_word' id='word_1_82' title='bbox 534 1290 679 1373; x_wconf 91' lang='lat' dir='ltr'>lotosque</span> <span class='ocrx_word' id='word_1_83' title='bbox 699 1291 877 1373; x_wconf 81' lang='lat' dir='ltr'>herbaeque</span> <span class='ocrx_word' id='word_1_84' title='bbox 896 1302 1031 1372; x_wconf 86' lang='lat' dir='ltr'>tenaces,</span> 
     </span>
     <span class='ocr_line' id='line_1_14' title="bbox 239 1372 1052 1461; baseline -0.002 -21"><span class='ocrx_word' id='word_1_85' title='bbox 239 1376 401 1460; x_wconf 79' lang='lat' dir='ltr'>Scyllaque</span> <span class='ocrx_word' id='word_1_86' title='bbox 422 1385 453 1437; x_wconf 93' lang='lat' dir='ltr'>et</span> <span class='ocrx_word' id='word_1_87' title='bbox 473 1376 606 1437; x_wconf 88' lang='lat' dir='ltr'>alternas</span> <span class='ocrx_word' id='word_1_88' title='bbox 628 1374 723 1436; x_wconf 87' lang='lat' dir='ltr'>scissa</span> <span class='ocrx_word' id='word_1_89' title='bbox 745 1372 914 1455; x_wconf 80' lang='lat' dir='ltr'>Charybdis</span> <span class='ocrx_word' id='word_1_90' title='bbox 936 1383 1052 1461; x_wconf 55' lang='lat' dir='ltr'>aquas!</span> 
     </span>
     <span class='ocr_line' id='line_1_15' title="bbox 24 1456 995 1548; baseline -0.002 -23"><span class='ocrx_word' id='word_1_91' title='bbox 24 1488 27 1493; x_wconf 89' lang='lat'>·</span> <span class='ocrx_word' id='word_1_92' title='bbox 121 1512 124 1518; x_wconf 90' lang='lat'><em>.</em></span> <span class='ocrx_word' id='word_1_93' title='bbox 195 1460 377 1548; x_wconf 79' lang='lat' dir='ltr'>Lampeties</span> <span class='ocrx_word' id='word_1_94' title='bbox 397 1456 510 1522; x_wconf 85' lang='lat' dir='ltr'>Ithacis</span> <span class='ocrx_word' id='word_1_95' title='bbox 531 1461 666 1522; x_wconf 86' lang='lat' dir='ltr'>verubus</span> <span class='ocrx_word' id='word_1_96' title='bbox 686 1459 826 1537; x_wconf 84' lang='lat' dir='ltr'>mugisse</span> <span class='ocrx_word' id='word_1_97' title='bbox 846 1460 995 1524; x_wconf 83' lang='lat' dir='ltr'>iuvencos</span> 
     </span>
     <span class='ocr_line' id='line_1_16' title="bbox 164 1542 903 1628; baseline -0.003 -20"><span class='ocrx_word' id='word_1_98' title='bbox 164 1556 190 1598; x_wconf 86' lang='lat'>³⁰</span> <span class='ocrx_word' id='word_1_99' title='bbox 238 1548 383 1626; x_wconf 87' lang='lat' dir='ltr'>(Paverat</span> <span class='ocrx_word' id='word_1_100' title='bbox 402 1546 461 1606; x_wconf 89' lang='lat' dir='ltr'>hos</span> <span class='ocrx_word' id='word_1_101' title='bbox 482 1542 609 1605; x_wconf 90' lang='lat' dir='ltr'>Phoebo</span> <span class='ocrx_word' id='word_1_102' title='bbox 629 1543 694 1623; x_wconf 87' lang='lat' dir='ltr'>filia</span> <span class='ocrx_word' id='word_1_103' title='bbox 713 1542 903 1628; x_wconf 84' lang='lat' dir='ltr'>Lampetie),</span> 
     </span>
     <span class='ocr_line' id='line_1_17' title="bbox 194 1627 984 1712; baseline -0.006 -16"><span class='ocrx_word' id='word_1_104' title='bbox 194 1633 234 1696; x_wconf 92' lang='lat' dir='ltr'>Et</span> <span class='ocrx_word' id='word_1_105' title='bbox 252 1634 425 1694; x_wconf 80' lang='lat' dir='ltr'>thalamum</span> <span class='ocrx_word' id='word_1_106' title='bbox 444 1627 571 1691; x_wconf 84' lang='lat' dir='ltr'>Aeaeae</span> <span class='ocrx_word' id='word_1_107' title='bbox 590 1629 694 1703; x_wconf 85' lang='lat' dir='ltr'>flentis</span> <span class='ocrx_word' id='word_1_108' title='bbox 713 1629 830 1709; x_wconf 83' lang='lat' dir='ltr'>fugisse</span> <span class='ocrx_word' id='word_1_109' title='bbox 850 1629 984 1712; x_wconf 84' lang='lat' dir='ltr'>puellae,</span> 
     </span>
     <span class='ocr_line' id='line_1_18' title="bbox 235 1700 994 1805; baseline -0.004 -26"><span class='ocrx_word' id='word_1_110' title='bbox 235 1717 358 1805; x_wconf 89' lang='lat' dir='ltr'>Totque</span> <span class='ocrx_word' id='word_1_111' title='bbox 379 1714 492 1778; x_wconf 89' lang='lat' dir='ltr'>hiemis</span> <span class='ocrx_word' id='word_1_112' title='bbox 514 1700 620 1777; x_wconf 73' lang='lat' dir='ltr'>abctes</span> <span class='ocrx_word' id='word_1_113' title='bbox 641 1723 751 1797; x_wconf 84' lang='lat' dir='ltr'>totque</span> <span class='ocrx_word' id='word_1_114' title='bbox 771 1725 895 1776; x_wconf 87' lang='lat' dir='ltr'>natasse</span> <span class='ocrx_word' id='word_1_115' title='bbox 917 1713 994 1792; x_wconf 88' lang='lat' dir='ltr'>dies,</span> 
     </span>
     <span class='ocr_line' id='line_1_19' title="bbox 193 1797 1067 1883; baseline -0.007 -16"><span class='ocrx_word' id='word_1_116' title='bbox 193 1803 410 1883; x_wconf 76' lang='lat' dir='ltr'>Nigranfisque</span> <span class='ocrx_word' id='word_1_117' title='bbox 431 1797 541 1861; x_wconf 86' lang='lat' dir='ltr'>domos</span> <span class='ocrx_word' id='word_1_118' title='bbox 562 1801 736 1860; x_wconf 84' lang='lat' dir='ltr'>anisnarum</span> <span class='ocrx_word' id='word_1_119' title='bbox 755 1800 888 1861; x_wconf 85' lang='lat' dir='ltr'>intrasse</span> <span class='ocrx_word' id='word_1_120' title='bbox 907 1800 1067 1877; x_wconf 87' lang='lat' dir='ltr'>silentum,</span> 
     </span>
     <span class='ocr_line' id='line_1_20' title="bbox 233 1881 864 1962; baseline -0.008 -13"><span class='ocrx_word' id='word_1_121' title='bbox 233 1887 376 1949; x_wconf 87' lang='lat' dir='ltr'>Sirenum</span> <span class='ocrx_word' id='word_1_122' title='bbox 396 1881 490 1944; x_wconf 89' lang='lat' dir='ltr'>surdo</span> <span class='ocrx_word' id='word_1_123' title='bbox 510 1885 626 1962; x_wconf 86' lang='lat' dir='ltr'>remige</span> <span class='ocrx_word' id='word_1_124' title='bbox 646 1883 748 1945; x_wconf 88' lang='lat' dir='ltr'>adisse</span> <span class='ocrx_word' id='word_1_125' title='bbox 769 1885 864 1961; x_wconf 81' lang='lat' dir='ltr'>lacus,</span> 
     </span>
     <span class='ocr_line' id='line_1_21' title="bbox 158 1969 946 2053; baseline 0.004 -26"><span class='ocrx_word' id='word_1_126' title='bbox 158 1986 183 2028; x_wconf 81' lang='lat' dir='ltr'>aa</span> <span class='ocrx_word' id='word_1_127' title='bbox 195 1973 236 2035; x_wconf 92' lang='lat' dir='ltr'>Et</span> <span class='ocrx_word' id='word_1_128' title='bbox 257 1983 377 2032; x_wconf 81' lang='lat' dir='ltr'>veteres</span> <span class='ocrx_word' id='word_1_129' title='bbox 398 1987 484 2030; x_wconf 88' lang='lat' dir='ltr'>arcus</span> <span class='ocrx_word' id='word_1_130' title='bbox 504 1969 570 2029; x_wconf 89' lang='lat' dir='ltr'>leto</span> <span class='ocrx_word' id='word_1_131' title='bbox 590 1989 758 2030; x_wconf 85' lang='lat' dir='ltr'>renovasse</span> <span class='ocrx_word' id='word_1_132' title='bbox 774 1988 946 2053; x_wconf 88' lang='lat' dir='ltr'>procorum,</span> 
     </span>
     <span class='ocr_line' id='line_1_22' title="bbox 234 2053 875 2136; baseline -0.003 -17"><span class='ocrx_word' id='word_1_133' title='bbox 234 2055 413 2136; x_wconf 86' lang='lat' dir='ltr'>Errorisque</span> <span class='ocrx_word' id='word_1_134' title='bbox 434 2054 546 2114; x_wconf 88' lang='lat' dir='ltr'>suisio</span> <span class='ocrx_word' id='word_1_135' title='bbox 568 2053 714 2115; x_wconf 80' lang='lat' dir='ltr'>statuisse</span> <span class='ocrx_word' id='word_1_136' title='bbox 733 2053 875 2117; x_wconf 86' lang='lat' dir='ltr'>modum.</span> 
     </span>
     <span class='ocr_line' id='line_1_23' title="bbox 193 2136 1007 2223; baseline 0.002 -19"><span class='ocrx_word' id='word_1_137' title='bbox 193 2140 257 2208; x_wconf 84' lang='lat' dir='ltr'>Nec</span> <span class='ocrx_word' id='word_1_138' title='bbox 276 2144 397 2216; x_wconf 81' lang='lat' dir='ltr'>frustm,</span> <span class='ocrx_word' id='word_1_139' title='bbox 418 2137 490 2220; x_wconf 83' lang='lat' dir='ltr'>quia</span> <span class='ocrx_word' id='word_1_140' title='bbox 512 2148 595 2197; x_wconf 89' lang='lat' dir='ltr'>casta</span> <span class='ocrx_word' id='word_1_141' title='bbox 617 2136 703 2199; x_wconf 91' lang='lat' dir='ltr'>domi</span> <span class='ocrx_word' id='word_1_142' title='bbox 723 2137 899 2223; x_wconf 85' lang='lat' dir='ltr'>persederat</span> <span class='ocrx_word' id='word_1_143' title='bbox 919 2157 1007 2206; x_wconf 85' lang='lat' dir='ltr'>uxor.</span> 
     </span>
    </p>
   </div>
   <div class='ocr_carea' id='block_1_3' title="bbox 234 2219 880 2317">
    <p class='ocr_par' dir='ltr' id='par_1_3' title="bbox 234 2219 880 2317">
     <span class='ocr_line' id='line_1_24' title="bbox 234 2219 880 2317; baseline -0.008 -28"><span class='ocrx_word' id='word_1_144' title='bbox 234 2225 340 2289; x_wconf 88' lang='lat' dir='ltr'>Vincit</span> <span class='ocrx_word' id='word_1_145' title='bbox 359 2223 531 2317; x_wconf 83' lang='lat' dir='ltr'>Penelopes</span> <span class='ocrx_word' id='word_1_146' title='bbox 551 2219 643 2285; x_wconf 84' lang='lat' dir='ltr'>Aelia</span> <span class='ocrx_word' id='word_1_147' title='bbox 664 2219 754 2286; x_wconf 90' lang='lat' dir='ltr'>Galla</span> <span class='ocrx_word' id='word_1_148' title='bbox 774 2222 880 2288; x_wconf 81' lang='lat' dir='ltr'>iidem.</span> 
     </span>
    </p>
   </div>
   <div class='ocr_carea' id='block_1_4' title="bbox 133 2394 1049 3118">
    <p class='ocr_par' dir='ltr' id='par_1_4' title="bbox 133 2394 1049 3118">
     <span class='ocr_line' id='line_1_25' title="bbox 133 2394 1049 2533; baseline 0.001 -27"><span class='ocrx_word' id='word_1_149' title='bbox 133 2450 172 2516; x_wconf 86' lang='lat'>13</span> <span class='ocrx_word' id='word_1_150' title='bbox 194 2394 383 2524; x_wconf 82' lang='lat' dir='ltr'>Quaeritis,</span> <span class='ocrx_word' id='word_1_151' title='bbox 403 2441 486 2503; x_wconf 89' lang='lat' dir='ltr'>unde</span> <span class='ocrx_word' id='word_1_152' title='bbox 508 2441 607 2505; x_wconf 82' lang='lat' dir='ltr'>avidis</span> <span class='ocrx_word' id='word_1_153' title='bbox 627 2465 693 2505; x_wconf 82' lang='lat' dir='ltr'>nox</span> <span class='ocrx_word' id='word_1_154' title='bbox 713 2443 753 2507; x_wconf 84' lang='lat' dir='ltr'>sit</span> <span class='ocrx_word' id='word_1_155' title='bbox 773 2442 909 2533; x_wconf 85' lang='lat' dir='ltr'>pretiose</span> <span class='ocrx_word' id='word_1_156' title='bbox 929 2443 1049 2529; x_wconf 87' lang='lat' dir='ltr'>puellis,</span> 
     </span>
     <span class='ocr_line' id='line_1_26' title="bbox 233 2528 1031 2615; baseline 0 -24"><span class='ocrx_word' id='word_1_157' title='bbox 233 2530 273 2591; x_wconf 90' lang='lat' dir='ltr'>Et</span> <span class='ocrx_word' id='word_1_158' title='bbox 293 2528 416 2590; x_wconf 88' lang='lat' dir='ltr'>Venere</span> <span class='ocrx_word' id='word_1_159' title='bbox 438 2528 608 2615; x_wconf 84' lang='lat' dir='ltr'>exhaustae</span> <span class='ocrx_word' id='word_1_160' title='bbox 628 2529 740 2590; x_wconf 89' lang='lat' dir='ltr'>damna</span> <span class='ocrx_word' id='word_1_161' title='bbox 761 2540 925 2612; x_wconf 84' lang='lat' dir='ltr'>querantur</span> <span class='ocrx_word' id='word_1_162' title='bbox 944 2549 1031 2613; x_wconf 87' lang='lat' dir='ltr'>opes.</span> 
     </span>
     <span class='ocr_line' id='line_1_27' title="bbox 194 2610 1032 2695; baseline -0.005 -15"><span class='ocrx_word' id='word_1_163' title='bbox 194 2616 282 2680; x_wconf 90' lang='lat' dir='ltr'>Certa</span> <span class='ocrx_word' id='word_1_164' title='bbox 305 2612 430 2695; x_wconf 89' lang='lat' dir='ltr'>quidem</span> <span class='ocrx_word' id='word_1_165' title='bbox 451 2610 546 2672; x_wconf 89' lang='lat' dir='ltr'>tantis</span> <span class='ocrx_word' id='word_1_166' title='bbox 568 2632 656 2673; x_wconf 91' lang='lat' dir='ltr'>causa</span> <span class='ocrx_word' id='word_1_167' title='bbox 679 2623 711 2673; x_wconf 92' lang='lat' dir='ltr'>et</span> <span class='ocrx_word' id='word_1_168' title='bbox 734 2614 898 2673; x_wconf 84' lang='lat' dir='ltr'>manifesta</span> <span class='ocrx_word' id='word_1_169' title='bbox 920 2614 1032 2676; x_wconf 84' lang='lat' dir='ltr'>ruinis:</span> 
     </span>
     <span class='ocr_line' id='line_1_28' title="bbox 234 2694 981 2769; baseline -0.008 -9"><span class='ocrx_word' id='word_1_170' title='bbox 234 2697 392 2760; x_wconf 84' lang='lat' dir='ltr'>Luxuriae</span> <span class='ocrx_word' id='word_1_171' title='bbox 413 2694 545 2755; x_wconf 76' lang='lat' dir='ltr'>nianium</span> <span class='ocrx_word' id='word_1_172' title='bbox 565 2696 661 2756; x_wconf 87' lang='lat' dir='ltr'>libera</span> <span class='ocrx_word' id='word_1_173' title='bbox 681 2697 758 2754; x_wconf 88' lang='lat' dir='ltr'>facta</span> <span class='ocrx_word' id='word_1_174' title='bbox 780 2697 830 2755; x_wconf 87' lang='lat' dir='ltr'>via</span> <span class='ocrx_word' id='word_1_175' title='bbox 853 2707 911 2758; x_wconf 87' lang='lat' dir='ltr'>est.</span> <span class='ocrx_word' id='word_1_176' title='bbox 978 2765 981 2769; x_wconf 35' lang='grc'>,</span> 
     </span>
     <span class='ocr_line' id='line_1_29' title="bbox 167 2776 934 2854; baseline -0.005 -11"><span class='ocrx_word' id='word_1_177' title='bbox 167 2781 270 2848; x_wconf 88' lang='lat' dir='ltr'>⁵Inda</span> <span class='ocrx_word' id='word_1_178' title='bbox 292 2778 374 2841; x_wconf 85' lang='lat' dir='ltr'>cavis</span> <span class='ocrx_word' id='word_1_179' title='bbox 396 2797 504 2837; x_wconf 88' lang='lat' dir='ltr'>aurum</span> <span class='ocrx_word' id='word_1_180' title='bbox 524 2776 620 2839; x_wconf 87' lang='lat' dir='ltr'>mittit</span> <span class='ocrx_word' id='word_1_181' title='bbox 640 2779 767 2839; x_wconf 86' lang='lat' dir='ltr'>formica</span> <span class='ocrx_word' id='word_1_182' title='bbox 788 2779 934 2854; x_wconf 88' lang='lat' dir='ltr'>metallis,</span> 
     </span>
     <span class='ocr_line' id='line_1_30' title="bbox 229 2861 913 2943; baseline -0.009 -15"><span class='ocrx_word' id='word_1_183' title='bbox 229 2866 272 2928; x_wconf 88' lang='lat' dir='ltr'>Et</span> <span class='ocrx_word' id='word_1_184' title='bbox 291 2864 378 2927; x_wconf 85' lang='lat' dir='ltr'>venit</span> <span class='ocrx_word' id='word_1_185' title='bbox 400 2882 417 2924; x_wconf 91' lang='lat' dir='ltr'>e</span> <span class='ocrx_word' id='word_1_186' title='bbox 437 2863 527 2923; x_wconf 88' lang='lat' dir='ltr'>rubro</span> <span class='ocrx_word' id='word_1_187' title='bbox 550 2863 663 2923; x_wconf 89' lang='lat' dir='ltr'>concha</span> <span class='ocrx_word' id='word_1_188' title='bbox 683 2861 813 2942; x_wconf 87' lang='lat' dir='ltr'>Erycina</span> <span class='ocrx_word' id='word_1_189' title='bbox 834 2863 913 2943; x_wconf 85' lang='lat' dir='ltr'>salo,</span> 
     </span>
     <span class='ocr_line' id='line_1_31' title="bbox 188 2945 951 3032; baseline -0.009 -17"><span class='ocrx_word' id='word_1_190' title='bbox 188 2953 230 3016; x_wconf 87' lang='lat' dir='ltr'>Et</span> <span class='ocrx_word' id='word_1_191' title='bbox 249 2950 349 3032; x_wconf 79' lang='lat' dir='ltr'>Tyros</span> <span class='ocrx_word' id='word_1_192' title='bbox 371 2949 503 3010; x_wconf 85' lang='lat' dir='ltr'>ostrinos</span> <span class='ocrx_word' id='word_1_193' title='bbox 521 2949 647 3031; x_wconf 89' lang='lat' dir='ltr'>praebet</span> <span class='ocrx_word' id='word_1_194' title='bbox 667 2945 802 3010; x_wconf 88' lang='lat' dir='ltr'>Cadmea</span> <span class='ocrx_word' id='word_1_195' title='bbox 823 2949 951 3023; x_wconf 87' lang='lat' dir='ltr'>colores,</span> 
     </span>
     <span class='ocr_line' id='line_1_32' title="bbox 226 3029 950 3118; baseline -0.001 -23"><span class='ocrx_word' id='word_1_196' title='bbox 226 3033 406 3099; x_wconf 89' lang='lat' dir='ltr'>Cinnamon</span> <span class='ocrx_word' id='word_1_197' title='bbox 426 3029 570 3096; x_wconf 84' lang='lat' dir='ltr'>etmulti</span> <span class='ocrx_word' id='word_1_198' title='bbox 589 3043 696 3118; x_wconf 88' lang='lat' dir='ltr'>pastor</span> <span class='ocrx_word' id='word_1_199' title='bbox 715 3032 817 3097; x_wconf 88' lang='lat' dir='ltr'>odoris</span> <span class='ocrx_word' id='word_1_200' title='bbox 838 3031 950 3104; x_wconf 75' lang='lat' dir='ltr'>Arabs.</span> 
     </span>
    </p>
   </div>
   <div class='ocr_carea' id='block_1_5' title="bbox 108 3257 1160 3957">
    <p class='ocr_par' dir='ltr' id='par_1_5' title="bbox 109 3257 1160 3751">
     <span class='ocr_line' id='line_1_33' title="bbox 177 3257 1144 3328; baseline -0.008 -7"><span class='ocrx_word' id='word_1_201' title='bbox 177 3265 218 3328; x_wconf 81' lang='lat' dir='ltr'>tr,</span> <span class='ocrx_word' id='word_1_202' title='bbox 238 3265 280 3318; x_wconf 79' lang='lat'>18.</span> <span class='ocrx_word' id='word_1_203' title='bbox 297 3274 359 3320; x_wconf 84' lang='lat' dir='ltr'>tuse</span> <span class='ocrx_word' id='word_1_204' title='bbox 378 3259 493 3317; x_wconf 55' lang='lat' dir='ltr'>etta.»</span> <span class='ocrx_word' id='word_1_205' title='bbox 571 3277 613 3322; x_wconf 78' lang='lat' dir='ltr'>aa.</span> <span class='ocrx_word' id='word_1_206' title='bbox 631 3278 727 3318; x_wconf 88' lang='lat' dir='ltr'>sanum</span> <span class='ocrx_word' id='word_1_207' title='bbox 744 3282 765 3322; x_wconf 79' lang='lat' dir='ltr'>r.</span> <span class='ocrx_word' id='word_1_208' title='bbox 868 3262 913 3320; x_wconf 79' lang='lat'>23.</span> <span class='ocrx_word' id='word_1_209' title='bbox 927 3257 1093 3318; x_wconf 76' lang='lat' dir='ltr'>Postbumus</span> <span class='ocrx_word' id='word_1_210' title='bbox 1113 3258 1144 3313; x_wconf 86' lang='lat' dir='ltr'>P.</span> 
     </span>
     <span class='ocr_line' id='line_1_34' title="bbox 143 3327 1143 3403; baseline -0.012 -13"><span class='ocrx_word' id='word_1_211' title='bbox 143 3336 241 3390; x_wconf 86' lang='lat' dir='ltr'>ulissss</span> <span class='ocrx_word' id='word_1_212' title='bbox 266 3332 310 3397; x_wconf 79' lang='lat' dir='ltr'>G,</span> <span class='ocrx_word' id='word_1_213' title='bbox 332 3334 434 3403; x_wconf 83' lang='lat' dir='ltr'>ulysses</span> <span class='ocrx_word' id='word_1_214' title='bbox 450 3330 489 3388; x_wconf 75' lang='lat' dir='ltr'>ll.</span> <span class='ocrx_word' id='word_1_215' title='bbox 590 3335 633 3390; x_wconf 80' lang='lat'>25.</span> <span class='ocrx_word' id='word_1_216' title='bbox 659 3334 779 3387; x_wconf 85' lang='lat' dir='ltr'>hismara</span> <span class='ocrx_word' id='word_1_217' title='bbox 797 3331 836 3394; x_wconf 78' lang='lat' dir='ltr'>G.</span> <span class='ocrx_word' id='word_1_218' title='bbox 936 3347 980 3400; x_wconf 80' lang='lat' dir='ltr'>ap.</span> <span class='ocrx_word' id='word_1_219' title='bbox 1001 3329 1072 3382; x_wconf 85' lang='lat' dir='ltr'>circs</span> <span class='ocrx_word' id='word_1_220' title='bbox 1088 3327 1143 3379; x_wconf 80' lang='lat' dir='ltr'>Nr.</span> 
     </span>
     <span class='ocr_line' id='line_1_35' title="bbox 142 3394 1160 3474; baseline -0.002 -17"><span class='ocrx_word' id='word_1_221' title='bbox 142 3411 185 3468; x_wconf 80' lang='lat'>28.</span> <span class='ocrx_word' id='word_1_222' title='bbox 210 3402 335 3474; x_wconf 85' lang='lat' dir='ltr'>Syllsqus</span> <span class='ocrx_word' id='word_1_223' title='bbox 352 3422 374 3457; x_wconf 76' lang='lat' dir='ltr'>r.</span> <span class='ocrx_word' id='word_1_224' title='bbox 474 3399 562 3470; x_wconf 83' lang='lat' dir='ltr'>scipsa</span> <span class='ocrx_word' id='word_1_225' title='bbox 584 3403 701 3456; x_wconf 78' lang='lat' dir='ltr'>caribdis</span> <span class='ocrx_word' id='word_1_226' title='bbox 727 3404 764 3458; x_wconf 85' lang='lat' dir='ltr'>G.</span> <span class='ocrx_word' id='word_1_227' title='bbox 863 3416 907 3474; x_wconf 73' lang='lat'>29·</span> <span class='ocrx_word' id='word_1_228' title='bbox 931 3398 1087 3471; x_wconf 65' lang='lat' dir='ltr'>tempesias</span> <span class='ocrx_word' id='word_1_229' title='bbox 1106 3394 1160 3460; x_wconf 67' lang='lat' dir='ltr'>G..</span> 
     </span>
     <span class='ocr_line' id='line_1_36' title="bbox 109 3464 1144 3596; baseline -0.009 -66"><span class='ocrx_word' id='word_1_230' title='bbox 109 3473 283 3545; x_wconf 86' lang='lat' dir='ltr'>Lampstbise</span> <span class='ocrx_word' id='word_1_231' title='bbox 300 3471 352 3523; x_wconf 86' lang='lat' dir='ltr'>Nr.</span> <span class='ocrx_word' id='word_1_232' title='bbox 387 3539 393 3552; x_wconf 43' lang='lat'><strong>·</strong></span> <span class='ocrx_word' id='word_1_233' title='bbox 435 3467 541 3590; x_wconf 51' lang='lat' dir='ltr'>sliyhricis</span> <span class='ocrx_word' id='word_1_234' title='bbox 558 3468 776 3592; x_wconf 51' lang='lat' dir='ltr'>NthcyticislG,</span> <span class='ocrx_word' id='word_1_235' title='bbox 792 3485 821 3592; x_wconf 74' lang='lat' dir='ltr'>sq</span> <span class='ocrx_word' id='word_1_236' title='bbox 839 3468 919 3596; x_wconf 54' lang='lat' dir='ltr'>things</span> <span class='ocrx_word' id='word_1_237' title='bbox 932 3486 978 3593; x_wconf 55' lang='grc' dir='ltr'>ΕΠ</span> <span class='ocrx_word' id='word_1_238' title='bbox 1013 3464 1144 3589; x_wconf 46' lang='lat' dir='ltr'>ssyiqugs</span> 
     </span>
     <span class='ocr_line' id='line_1_37' title="bbox 109 3541 1141 3670; baseline -0.009 -7"><span class='ocrx_word' id='word_1_239' title='bbox 109 3546 186 3663; x_wconf 59' lang='lat' dir='ltr'>Nbr.</span> <span class='ocrx_word' id='word_1_240' title='bbox 203 3544 265 3664; x_wconf 57' lang='lat' dir='ltr'>adds</span> <span class='ocrx_word' id='word_1_241' title='bbox 281 3541 453 3665; x_wconf 43' lang='lat' dir='ltr'>ssmpetragm</span> <span class='ocrx_word' id='word_1_242' title='bbox 465 3555 582 3660; x_wconf 49' lang='lat' dir='ltr'>’staffili</span> <span class='ocrx_word' id='word_1_243' title='bbox 594 3558 656 3664; x_wconf 59' lang='lat' dir='ltr'>itm</span> <span class='ocrx_word' id='word_1_244' title='bbox 673 3563 694 3605; x_wconf 51' lang='grc' dir='ltr'>ν’</span> <span class='ocrx_word' id='word_1_245' title='bbox 714 3556 862 3664; x_wconf 51' lang='lat' dir='ltr'>quppptqs&#39;s</span> <span class='ocrx_word' id='word_1_246' title='bbox 872 3579 919 3665; x_wconf 53' lang='lat' dir='ltr'>G:</span> <span class='ocrx_word' id='word_1_247' title='bbox 978 3554 1070 3657; x_wconf 58' lang='lat' dir='ltr'>plecta</span> <span class='ocrx_word' id='word_1_248' title='bbox 1085 3602 1141 3670; x_wconf 75' lang='lat' dir='ltr'>¹Ns.</span> 
     </span>
     <span class='ocr_line' id='line_1_38' title="bbox 140 3671 1141 3751; baseline -0.012 -16"><span class='ocrx_word' id='word_1_249' title='bbox 140 3696 281 3735; x_wconf 81' lang='lat' dir='ltr'>revocasse</span> <span class='ocrx_word' id='word_1_250' title='bbox 298 3679 336 3732; x_wconf 81' lang='lat' dir='ltr'>G.</span> <span class='ocrx_word' id='word_1_251' title='bbox 402 3678 445 3730; x_wconf 76' lang='grc'>58.</span> <span class='ocrx_word' id='word_1_252' title='bbox 461 3676 610 3748; x_wconf 82' lang='lat' dir='ltr'>penelopes</span> <span class='ocrx_word' id='word_1_253' title='bbox 627 3677 695 3747; x_wconf 83' lang='lat' dir='ltr'>Gll,</span> <span class='ocrx_word' id='word_1_254' title='bbox 711 3677 904 3751; x_wconf 73' lang='lat' dir='ltr'>penelopeN.</span> <span class='ocrx_word' id='word_1_255' title='bbox 956 3672 1034 3728; x_wconf 82' lang='lat' dir='ltr'>laclia</span> <span class='ocrx_word' id='word_1_256' title='bbox 1045 3671 1141 3740; x_wconf 70' lang='grc' dir='ltr'>ΘΝΕ.</span> 
     </span>
    </p>

    <p class='ocr_par' dir='ltr' id='par_1_6' title="bbox 108 3742 1141 3957">
     <span class='ocr_line' id='line_1_39' title="bbox 175 3742 1141 3811; baseline -0.009 -9"><span class='ocrx_word' id='word_1_257' title='bbox 175 3748 219 3811; x_wconf 87' lang='grc'>13,</span> <span class='ocrx_word' id='word_1_258' title='bbox 236 3764 263 3805; x_wconf 79' lang='lat' dir='ltr'>s.</span> <span class='ocrx_word' id='word_1_259' title='bbox 279 3762 375 3802; x_wconf 82' lang='lat' dir='ltr'>venere</span> <span class='ocrx_word' id='word_1_260' title='bbox 391 3746 429 3799; x_wconf 68' lang='lat' dir='ltr'>Pa</span> <span class='ocrx_word' id='word_1_261' title='bbox 447 3762 572 3800; x_wconf 82' lang='lat' dir='ltr'>venerem</span> <span class='ocrx_word' id='word_1_262' title='bbox 591 3744 688 3803; x_wconf 82' lang='lat' dir='ltr'>GNlb</span> <span class='ocrx_word' id='word_1_263' title='bbox 754 3745 885 3805; x_wconf 76' lang='lat' dir='ltr'>exhausto</span> <span class='ocrx_word' id='word_1_264' title='bbox 901 3748 938 3802; x_wconf 85' lang='lat' dir='ltr'>N.</span> <span class='ocrx_word' id='word_1_265' title='bbox 1006 3742 1032 3797; x_wconf 80' lang='lat'>5.</span> <span class='ocrx_word' id='word_1_266' title='bbox 1050 3750 1078 3795; x_wconf 85' lang='lat' dir='ltr'>et</span> <span class='ocrx_word' id='word_1_267' title='bbox 1095 3744 1141 3798; x_wconf 77' lang='lat' dir='ltr'>Na</span> 
     </span>
     <span class='ocr_line' id='line_1_40' title="bbox 108 3810 1070 3882; baseline -0.005 -10"><span class='ocrx_word' id='word_1_268' title='bbox 108 3828 149 3873; x_wconf 85' lang='lat' dir='ltr'>sst</span> <span class='ocrx_word' id='word_1_269' title='bbox 167 3815 233 3871; x_wconf 78' lang='lat' dir='ltr'>ott.</span> <span class='ocrx_word' id='word_1_270' title='bbox 323 3820 349 3879; x_wconf 78' lang='lat'>4.</span> <span class='ocrx_word' id='word_1_271' title='bbox 366 3815 472 3872; x_wconf 87' lang='lat' dir='ltr'>lubrica</span> <span class='ocrx_word' id='word_1_272' title='bbox 487 3813 525 3868; x_wconf 81' lang='lat' dir='ltr'>G.</span> <span class='ocrx_word' id='word_1_273' title='bbox 613 3817 638 3873; x_wconf 88' lang='grc'>5.</span> <span class='ocrx_word' id='word_1_274' title='bbox 656 3815 721 3872; x_wconf 82' lang='lat' dir='ltr'>lade</span> <span class='ocrx_word' id='word_1_275' title='bbox 737 3836 800 3882; x_wconf 66' lang='lat' dir='ltr'>n,</span> <span class='ocrx_word' id='word_1_276' title='bbox 848 3812 874 3872; x_wconf 89' lang='grc'>6.</span> <span class='ocrx_word' id='word_1_277' title='bbox 894 3811 1014 3881; x_wconf 77' lang='lat' dir='ltr'>herleius</span> <span class='ocrx_word' id='word_1_278' title='bbox 1031 3810 1070 3868; x_wconf 84' lang='lat' dir='ltr'>li.</span> 
     </span>
     <span class='ocr_line' id='line_1_41' title="bbox 143 3880 629 3957; baseline -0.004 -16"><span class='ocrx_word' id='word_1_279' title='bbox 143 3906 168 3957; x_wconf 83' lang='lat'>7.</span> <span class='ocrx_word' id='word_1_280' title='bbox 185 3887 251 3941; x_wconf 84' lang='lat' dir='ltr'>tires</span> <span class='ocrx_word' id='word_1_281' title='bbox 268 3889 306 3947; x_wconf 77' lang='lat' dir='ltr'>N.</span> <span class='ocrx_word' id='word_1_282' title='bbox 374 3892 401 3947; x_wconf 82' lang='lat'>8.</span> <span class='ocrx_word' id='word_1_283' title='bbox 416 3884 561 3956; x_wconf 79' lang='lat' dir='ltr'>Cynamon</span> <span class='ocrx_word' id='word_1_284' title='bbox 577 3880 629 3943; x_wconf 78' lang='lat' dir='ltr'>Ns.</span> 
     </span>
    </p>
   </div>
   <div class='ocr_carea' id='block_1_6' title="bbox 0 0 1250 4358">
    <p class='ocr_par' dir='ltr' id='par_1_7' title="bbox 0 0 1250 4358">
     <span class='ocr_line' id='line_1_42' title="bbox 0 0 1250 4358; baseline 0 0"><span class='ocrx_word' id='word_1_285' title='bbox 0 0 1250 4358; x_wconf 95' lang='lat' dir='ltr'> </span> 
     </span>
    </p>
   </div>
  </div>
 </body>
</html>
