2490 4358
249 182 529 277 ..PROPtttt'rtl
558 180 649 265 ΜΒ.
676 180 739 255 lv,
765 181 862 273 (111.)¹
884 192 918 273 9.
1004 218 1008 235 ,
1038 298 1041 309 Δ
1066 178 1113 251 75

210 365 254 431 At
274 364 366 447 Myos
387 366 534 447 exignum
554 365 648 429 flectit
668 360 813 431 aca'ntbus
832 364 900 441 iter,

132 468 157 514 ts
171 451 333 517 Phidiacus
354 453 441 531 signo
462 471 496 513 se
515 447 654 534 Iuppiter
673 463 759 514 ornat
779 453 906 526 eburno,

207 537 382 602 Praxitelen
402 536 523 620 propria
543 534 678 599 vindicat
697 538 772 602 urbe
792 535 880 619 lapis.

165 621 222 687 Est
240 623 351 706 quibus
370 620 465 686 Eleae
485 622 635 685 concurrit
657 624 758 706 palma
776 618 952 706 quadrigae,

113 730 116 737 ·
206 704 262 768 Est
282 707 392 791 quibus
412 707 445 769 iu
466 708 579 769 celeres
601 708 696 786 gloria
715 718 786 771 nata
806 705 911 791 pedes.

165 788 327 855 tricatus
348 789 387 853 ad
408 811 524 875 pacem,
545 793 595 852 hic
616 794 818 855 castrensibus
838 790 922 853 utilis
943 786 1047 854 annis·

132 889 161 932 ro
209 870 342 938 Naturae
363 876 501 959 sequitur
521 877 640 941 senuna
660 877 788 960 quisque
809 895 894 938 suae.

165 956 210 1024 At
228 970 291 1037 tua,
311 958 484 1037 Maecenas,
505 961 588 1022 vitae
609 972 768 1047 praecepta
788 963 898 1046 recepi,

206 1041 306 1126 Cogor
327 1055 358 1108 et
371 1046 530 1129 ‚exemplis
549 1056 581 1108 te
602 1056 743 1130 superare
763 1048 836 1111 tuis.

165 1125 244 1193 Cum
263 1129 319 1193 tibi
338 1127 481 1191 Romano
502 1128 644 1195 domines
662 1133 696 1193 in
714 1134 832 1195 honore
852 1149 973 1199 secures

204 1209 244 1277 Et
263 1215 353 1275 liceat
372 1213 476 1279 medio
496 1236 610 1300 ponere
629 1208 695 1281 iura
712 1219 789 1292 foro,

117 1313 156 1355 ‚rs
169 1298 231 1363 Vel
250 1299 306 1361 tibi
326 1298 489 1363 Medorum
509 1321 662 1384 pugnaces
682 1302 726 1362 ire
747 1321 802 1385 per
820 1301 927 1361 hostes
1042 1360 1045 1365 ,
1090 1310 1093 1316 “
1137 1341 1140 1345 -

205 1384 310 1467 Atque
330 1405 458 1449 onerare
477 1397 563 1451 tuam
584 1387 647 1450 lixa
668 1407 722 1470 per
742 1406 826 1447 arma
847 1383 985 1459 domum,

166 1466 206 1532 Et
226 1469 282 1532 tibi
303 1468 341 1530 ad
364 1471 507 1535 effectum
528 1473 611 1533 vires
633 1470 685 1532 det
706 1469 825 1549 Caesar,
847 1481 878 1531 et
898 1469 984 1529 omni

206 1549 361 1640 Tempore
382 1567 446 1615 tam
466 1557 571 1621 faciles
590 1557 785 1621 insinuentur
806 1574 890 1639 opes,
1101 1632 1105 1637 Ι

166 1636 278 1710 Parcis,
299 1650 330 1701 et
346 1640 379 1704 iu
398 1651 506 1703 tenues
526 1642 678 1705 humilem
697 1651 728 1703 te
749 1641 867 1720 colligis
885 1635 1019 1715 umbras,
1100 1664 1105 1685 ··

134 1734 162 1777 ³0
209 1722 360 1785 Velorum
379 1725 488 1808 plenos
509 1728 661 1789 subtrahis
680 1726 749 1809 ipse
768 1727 866 1789 sinus.

167 1805 266 1873 (bede
286 1809 374 1887 mihi,
396 1830 526 1889 magnos
547 1813 720 1900 aequabunt
737 1812 796 1873 ista
818 1805 967 1875 camillos

208 1891 333 1972 Iudicia,
355 1888 387 1957 e't
406 1895 515 1958 venies
535 1906 567 1957 ta
589 1917 712 1981 quoque
733 1897 767 1957 in
789 1915 842 1956 ora
864 1894 976 1967 virum,

135 2031 138 2043 .
168 1975 306 2043 Caesaris
328 1988 359 2043 et
377 1982 482 2044 famae
503 1982 635 2061 vestigia
655 1983 758 2045 iuncta
778 1976 912 2044 tenebis:

208 2061 393 2127 Maecenatis
414 2075 503 2132 erunt
522 2087 598 2128 vera
616 2079 742 2151 tropaea
762 2065 851 2127 fides.

135 2156 160 2197 ³⁵
173 2145 244 2212 Non
266 2171 323 2228 ego
344 2150 471 2213 velifera
491 2152 645 2213 tumidum
664 2171 753 2214 mare
772 2151 857 2213 findo
878 2148 998 2213 carina:

134 2305 137 2311 Δ
211 2231 291 2294 Tota
309 2236 365 2295 sub
388 2236 501 2313 exiguo
522 2236 650 2297 {lumine
670 2247 773 2296 nostra
793 2252 880 2295 mora
901 2244 959 2294 est.

167 2314 239 2380 Non
258 2319 339 2378 flebo
360 2318 392 2376 in
413 2320 529 2381 cineres
549 2341 650 2381 arcem
671 2320 787 2384 sedisse
809 2328 951 2402 paternos

212 2399 330 2479 Cadmi,
351 2423 406 2465 nec
427 2415 546 2487 septem
566 2407 678 2493 praelia
698 2403 785 2470 clade
804 2403 879 2488 pari,

171 2483 235 2551 Nec
255 2489 385 2549 referam
406 2485 517 2549 Scaeas
537 2501 568 2550 et
586 2490 735 2569 Pergama
754 2487 910 2574 Apollinis
930 2503 1045 2563 arces,

140 2579 167 2621 ⁴⁰
215 2569 253 2633 Et
272 2569 414 2633 Danaum
436 2572 554 2635 decimo
575 2595 649 2637 vere
669 2574 785 2638 redisse
806 2584 895 2649 rates,
1037 2648 1041 2655 Ι

172 2654 297 2729 Moenia
319 2679 389 2721 cum
411 2654 503 2720 Graio
523 2659 677 2745 Neptunia
697 2661 808 2745 pressit
828 2670 927 2721 aratro
949 2694 952 2699 ·

214 2741 321 2806 Victor
340 2743 494 2805 Palladiae
515 2746 634 2825 ligneus
655 2748 727 2810 artis
749 2766 857 2830 equus.

50 2876 53 2881 .
161 2822 256 2889 ln'ter
277 2825 456 2890 Callimachi
476 2841 523 2893 sat
543 2832 600 2897 erit
618 2832 769 2916 placuisse
786 2832 908 2895 libellos

214 2911 254 2977 Et
274 2915 419 2976 cecinisse
439 2914 551 2992 modis,
573 2915 635 2978 Coe
656 2928 758 3001 poeta,
779 2917 850 2978 tuis.

136 3013 163 3055 ts
177 2998 261 3060 Haec
281 3009 373 3061 urant
391 3019 512 3082 pueros,
533 3001 609 3064 haec
629 3014 718 3064 urant
739 3001 848 3084 scripta
868 3000 996 3083 puellas,

216 3081 329 3167 Meque
351 3081 444 3145 deum
469 3086 611 3159 clament,
634 3097 664 3147 et
683 3087 763 3149 mihi
783 3105 865 3147 sacra
886 3086 997 3151 ferant.

176 3164 223 3234 Te
244 3166 321 3229 duce
342 3168 394 3229 vel
414 3167 499 3232 loris
520 3190 605 3235 arma
625 3192 733 3253 canam
755 3173 901 3257 caeloque
922 3170 1094 3232 minantem

163 3346 415 3409 9‚14.AdGNr.
488 3368 619 3423 myrosr,
637 3353 722 3407 miros
740 3351 777 3417 G,
800 3371 896 3408 muros
913 3351 951 3411 N.
1025 3350 1066 3406 15.
1085 3348 1164 3404 sr·'

95 3427 153 3475 met
173 3417 210 3472 G.
317 3420 355 3473 16.
374 3419 534 3477 Praxitelem
551 3420 589 3475 R.
688 3423 812 3476 vendicat
830 3423 866 3476 G.
956 3429 1013 3473 arte
1031 3418 1062 3471 P.

96 3506 138 3553 17.
159 3491 200 3543 ιθ.
218 3487 345 3545 Sancti.
422 3489 600 3546 1.sutstt.
673 3507 716 3547 πο.
739 3496 902 3565 quequeN.
946 3503 1011 3543 ¹ar.
1029 3489 1132 3558 recepti

97 3563 136 3615 N.
212 3572 254 3613 22.
272 3558 339 3613 meis
356 3505 455 3615 rect-b
538 3562 581 3615 25.
599 3572 734 3632 pugnatus
755 3563 792 3620 G.
878 3563 920 3621 aa.
936 3559 1073 3617 honorare
1093 3557 1130 3616 G.

130 3629 172 3679 53.
198 3627 322 3689 vietelli.
422 3630 541 3685 tenebris
559 3651 582 3687 r.
681 3632 726 3694 34.
750 3631 880 3704 trophaea
905 3629 942 3696 G,
959 3627 1073 3696 trophea
1091 3626 1131 3684 R·

131 3697 174 3751 35.
192 3692 291 3749 ours'N.
375 3695 418 3753 36.
435 3699 505 3755 Tuta
525 3698 562 3757 G·
648 3701 734 3757 estll.
753 3720 782 3754 n.
800 3703 867 3758 ratis
886 3699 923 3755 G.
1007 3699 1050 3765 57.
1068 3698 1132 3751 Non
1223 3702 1229 3717 ²

98 3763 189 3837 phebo
206 3766 244 3821 N.
319 3765 361 3821 38.
379 3765 475 3823 Cambi
496 3767 533 3822 G.
612 3785 721 3842 semper
738 3770 834 3827 Gara.
907 3769 950 3823 44.
969 3767 1035 3820 dure
1052 3774 1133 3835 poet·

97 3831 178 3888 GNr.
244 3835 288 3891 43.
307 3833 381 3885 Haec
397 3847 496 3894 curant
515 3836 595 3903 GNr,
614 3840 688 3897 Haec
703 3850 799 3896 curent
816 3839 847 3900 Ρ,
917 3847 1017 3897 curant
1035 3833 1132 3892 GNR·

128 3901 172 3971 46.
189 3899 309 3959 clamant
328 3901 363 3955 6.
