2490 4358
304 216 554 314 euoeuaru
586 216 680 291 ure.
706 218 769 294 tv.
796 216 888 312 (111.)
913 209 952 288 s·
1068 214 1146 289 eee

143 415 169 457 1⁵
181 402 286 467 Victor
305 424 376 465 cunr
396 401 485 466 rictis
503 400 618 486 pariter
637 401 814 465 miscebitur
835 400 967 467 urulrris:

222 484 354 553 Consule
376 508 446 549 cum
465 480 574 562 Mario,
598 498 684 571 capte
704 484 860 567 Iugurtha,
882 485 982 549 sedes.

180 569 289 654 Lydus
308 569 458 635 Dulichio.
476 591 540 631 uon
561 568 652 632 distat
672 569 803 635 Croesus
823 575 861 634 alt
881 568 943 633 Iro.

220 656 346 741 Optime
365 676 459 733 mors,
480 654 592 719 Parcae
613 676 691 738 quae
712 658 799 721 venit
819 667 884 719 ecta
907 653 962 717 die

181 738 235 803 lle
254 744 341 803 iuvet
358 741 393 804 in
411 740 511 826 prime
532 740 664 803 coluisse
682 740 832 803 Helicona
851 742 988 818 iuventa,
1081 774 1086 787 ·

143 838 170 883 ao
220 824 439 910 Musarumque
462 826 561 893 choris
579 825 756 909 inplicuisse
777 847 905 889 manus:
948 888 952 897 ,

176 908 230 973 lile
250 911 337 974 iuvat
359 921 390 973 et
410 910 508 970 multo
528 922 667 971 mentem
686 911 802 973 vincire
820 909 939 991 Lyaeo,

215 992 256 1056 Et
275 1004 364 1080 caput
381 995 415 1054 in
435 1013 530 1059 verna
548 1014 671 1078 semper
690 994 803 1058 habere
822 1016 902 1067 rosa,

174 1075 218 1141 At
239 1100 279 1141 ue
299 1081 354 1142 ubi
372 1079 437 1142 iam
456 1076 612 1140 Venerem
632 1081 734 1159 gravis
756 1081 948 1165 interceperit
967 1090 1063 1160 aetas,

171 1242 175 1251 ι
217 1100 366 1249 dparserit
387 1175 419 1226 et
438 1163 539 1243 nigras
560 1165 629 1228 elba
649 1174 770 1226 senecta
791 1187 907 1243 comas,

86 1322 89 1329 Ι
142 1265 167 1307 rs
181 1245 265 1311 Tum
284 1249 364 1311 mihi
384 1258 511 1312 naturae
532 1249 625 1312 libeat
645 1249 820 1333 perdiscere·
834 1270 948 1328 mores,

216 1331 296 1413 Quis
316 1333 392 1397 deus
411 1335 490 1396 hauc
510 1333 619 1398 mundi
639 1344 790 1418 temperet
811 1334 874 1397 arte
895 1334 1034 1410 domun,

176 1414 248 1498 Qua
268 1419 355 1481 venit
374 1418 527 1503 exoriens,
549 1440 608 1503 que
630 1417 739 1498 deficit,
761 1419 844 1483 unde
864 1420 975 1483 coactis

218 1499 368 1568 Cornibus
386 1504 420 1565 iu
440 1504 567 1586 plenum
586 1515 743 1568 menstrua
761 1505 834 1565 luna
853 1504 942 1584 redit,

174 1583 263 1650 Unde
284 1590 351 1650 salo
373 1599 516 1674 superant
535 1590 633 1666 venti,
655 1587 729 1672 quid
747 1588 876 1651 flamine
898 1597 996 1674 captet

137 1690 167 1733 so
218 1670 337 1750 Eurus,
349 1684 381 1735 et
399 1676 433 1737 iu
452 1676 550 1735 nubes
571 1673 653 1736 unde
674 1674 817 1759 perennis
836 1693 927 1757 equa,
970 1731 973 1735 .

175 1750 223 1817 Sit
240 1767 369 1819 ventura
391 1757 466 1837 dies,
487 1757 694 1842 mundi'quae
714 1760 840 1821 subruet
860 1778 955 1837 arces,
1029 1780 1059 1815 ⁴.

215 1833 389 1924 Purpureus
430 1843 532 1907 luvies
554 1864 607 1905 cur
626 1844 705 1905 bibit
724 1862 810 1905 arcus
831 1862 944 1926 aquas,
986 1891 989 1894 .

174 1922 241 1991 Aut
262 1947 315 1988 cur
334 1865 500 1990 Perrlaebi
519 1938 672 1990 tremuere
694 1928 851 1991 cacumina
870 1923 971 2002 Pindi,

160 2048 164 2055 ·
214 2007 297 2072 Solis
318 2021 350 2072 et
370 2012 472 2077 atratis
492 2013 608 2075 luxerit
627 2013 709 2075 orbis
730 2013 826 2095 equis,

136 2105 164 2153 ³⁵
177 2089 238 2159 Gur
257 2116 343 2159 serus
365 2116 487 2160 versare
507 2099 604 2160 beves
625 2111 656 2160 et
677 2100 809 2182 plaustra
828 2091 956 2167 Bootes,
975 2130 978 2134 ·

108 2200 113 2211 ·
211 2177 373 2245 Pleiadum
393 2182 566 2266 spissoeur
583 2184 643 2244 ooit
662 2183 733 2261 igne
756 2183 876 2256 chorus,

171 2259 272 2325 Curre
293 2265 465 2327 suoslines
485 2266 581 2329 altum
603 2287 666 2328 non
686 2276 777 2327 exeat
797 2283 920 2347 aequor,

213 2346 327 2411 Plenus
348 2357 380 2410 et
398 2350 433 2411 in
452 2360 553 2433 partes
574 2360 715 2431 quattuor
735 2368 832 2410 annus
853 2357 921 2421 eat,

170 2427 234 2495 Sub
251 2432 340 2495 terris
360 2433 423 2495 sint
441 2433 509 2494 iura
530 2433 625 2495 deum
643 2445 674 2496 et
693 2442 844 2495 tormenta
865 2426 1041 2511 Gigantum,
1058 2500 1060 2505 ,

138 2526 166 2566 ⁴⁰
213 2514 399 2601 Tisiphones
420 2527 485 2581 alto
506 2518 534 2583 si
553 2520 626 2579 furit
647 2538 748 2597 angue
770 2525 869 2601 caput,

169 2597 236 2661 Aut
255 2601 475 2681 Alcmaeoniae
495 2602 590 2665 furiae
612 2615 665 2665 eut
682 2603 796 2668 ieiunia
816 2597 935 2678 Phinei,

213 2685 296 2751 Num
317 2698 393 2766 rote,
414 2708 491 2748 uum
512 2684 637 2772 scopuli,
660 2710 735 2749 num
755 2687 822 2750 sitis
841 2686 921 2751 inter
941 2702 1045 2766 aquas,

170 2766 253 2832 Nuru
274 2773 369 2838 tribus
390 2774 544 2837 infernum
565 2773 697 2836 custodit
714 2773 853 2834 faucibus
874 2779 995 2832 annum

217 2855 375 2937 Cerberus,
397 2868 428 2919 et
448 2855 542 2938 Tityo
562 2859 668 2938 iugera
688 2873 784 2941 pauca
805 2874 932 2931 novem,
1009 2918 1013 2923 ,

82 3010 85 3015 ,
136 2938 227 3009 ⁴⁵An
246 2943 316 3003 ficta
335 2944 369 3004 in
389 2941 518 3003 miseras
539 2939 695 3004 descendit
711 2941 813 3003 fabule
834 2938 945 3019 gentis,

211 3025 251 3091 Et
270 3027 363 3092 timor
381 3025 465 3087 haud
485 3027 563 3086 ultre
585 3046 677 3110 quam
698 3045 791 3104 rogus
810 3043 880 3086 esse
899 3028 1010 3104 potest.

170 3109 280 3177 Exitus
300 3113 351 3173 hic
371 3113 454 3176 ritae
474 3121 599 3194 superet
617 3109 712 3178 mihi:
733 3131 801 3186 ros,
822 3108 933 3191 quibus
953 3121 1038 3168 arma

213 3193 306 3259 Grate
326 3197 436 3277 magis,
458 3192 558 3259 Crassi
578 3197 664 3275 signu
683 3195 793 3257 referte
815 3191 953 3257 domurn.
1052 3216 1055 3221 ⁴
1140 3214 1143 3221 >

154 3382 183 3455 ⁵,
202 3385 244 3439 15.
260 3386 438 3445 miscebimus·
455 3383 495 3440 G.
559 3384 640 3440 undis
659 3382 697 3443 G.
772 3395 814 3450 17.
830 3379 900 3452 hyre
918 3375 981 3440 GP,
999 3372 1082 3454 byrro
1098 3391 1122 3425 r·
1206 3342 1209 3347 Ι

123 3457 166 3510 18.
183 3474 263 3526 parca
285 3454 382 3512 orm.
448 3465 512 3524 apta
529 3453 595 3510 GR.
650 3467 702 3519 ar.
720 3452 796 3522 iuvet
812 3452 850 3504 N·
915 3449 958 3507 24·
976 3444 1125 3512 Spareltre

111 3532 150 3607 ,et
167 3523 260 3580 oerG.
310 3526 429 3598 integras
443 3522 523 3580 GNr.
588 3520 774 3606 abiisset&
793 3516 967 3640 bipljtlgna]
986 3513 1121 3650 ῃέἱὲοῗηῖἷ

87 3610 167 3717 ,ee
182 3593 403 3736 suetus,
419 3593 630 3734 „triae”
650 3592 880 3779 tepuit
898 3625 937 3776 g·-
1020 3649 1063 3773 3⁵·
1080 3665 1122 3766 ,ἴ
1190 3701 1198 3716 ,

87 3734 203 3872 ἱιοῗιίῗῐὶι
219 3733 417 3859 omelillhmllldl
430 3731 608 3869 pppnpfflnes
624 3730 686 3858 Νῆα
704 3737 780 3851 clldrll
795 3743 843 3853 13?
844 3744 879 3778 ne
897 3759 940 3863 dil
951 3787 981 3860 f
995 3734 1122 3870 doldessP·

121 3868 272 3925 almeonine
291 3872 342 3929 Gr.
406 3875 451 3941 42.
496 3889 532 3923 on
550 3882 590 3922 ter
607 3868 646 3922 N.
715 3870 758 3935 43.
773 3865 836 3919 Non
856 3859 892 3913 N.
951 3856 1070 3913 custodit
1085 3850 1124 3910 G.

123 3946 168 4007 44.
184 3954 221 3994 aa
237 3938 269 3994 P.
333 3938 378 3998 46.
396 3947 443 3993 aut
464 3936 530 3994 Gli.
596 3938 639 4021 47.
657 3945 783 4008 superest
798 3930 868 3990 NR.

629 4068 641 4121 l
