2490 4358
306 170 682 265 PROPERTIILIB.
708 174 735 244 1.
760 168 794 247 ὃ.
820 182 856 263 9.
964 206 967 211 -
1006 222 1009 227 .
1077 172 1106 266 9

184 361 271 447 Quin
291 382 351 442 ego
371 360 436 425 vita
451 370 511 423 tuo
530 355 640 421 limine
661 356 755 419 verba
777 376 901 441 querar:

143 448 208 514 Nec
228 467 282 510 me
302 444 425 511 deliciet
444 455 554 507 nautas
575 442 706 522 rogitare
727 441 834 504 citatos

181 526 306 609 Dicite,
350 552 390 593 uo
410 541 500 617 portu
522 530 625 591 clausa
646 528 750 613 puella
769 547 842 590 mea
863 519 941 591 est?’

108 628 135 669 ²⁵
147 616 188 680 Et
208 618 309 683 dicam
338 617 411 679 licet
429 613 561 683 Atraciis
582 610 720 676 considat
739 611 775 675 in
795 613 868 693 oris,

186 701 227 767 Et
246 702 317 766 licet
336 700 437 764 Eleis:
457 700 512 763 illa
531 700 633 761 futura
654 718 726 764 mea
747 688 822 761 est.'³

145 787 205 850 Hic
225 787 292 866 erit,
312 787 363 849 hic
383 786 482 849 iurata
502 794 617 847 manet.
637 794 818 869 rumpantur
836 779 951 867 iniqui!

201 866 361 937 vicanutt
383 870 523 935 assiduas
544 890 608 930 non
628 870 699 943 tulit
718 870 772 931 illa
792 889 910 954 preces.

146 954 237 1022 Falsa
257 958 330 1020 licet
349 955 478 1043 cupidus
499 954 538 1019 cle
561 964 634 1017 onat
654 953 766 1035 gaudia
786 956 884 1017 livor:

113 1057 140 1098 ³⁰
193 1040 320 1107 Destitit
338 1043 384 1105 ire
404 1062 504 1104 novas
549 1039 658 1121 yuthia
680 1050 785 1103 nostra
805 1040 883 1103 vias.

148 1124 201 1191 Illi
222 1148 309 1191 carus
329 1148 388 1209 ego
409 1138 441 1190 et
461 1148 517 1212 per
536 1146 590 1189 me
611 1124 768 1197 carissima
787 1121 893 1188 Roma

191 1209 320 1292 Dicitur,
340 1224 373 1277 et
392 1211 461 1276 siue
481 1232 533 1274 me
555 1209 656 1274 dulcia
676 1231 772 1291 regna
791 1220 896 1291 negat.
934 1250 937 1257 ·

149 1293 208 1366 Illa
227 1299 280 1361 vel
301 1309 434 1377 angusto
454 1295 792 1381 mecumrequiescere
812 1298 894 1373 lecto

192 1380 233 1447 Et
252 1403 448 1470 quocumque
468 1381 565 1445 modo
583 1381 697 1447 maluit
717 1401 787 1445 esse
806 1401 891 1459 mea,

117 1481 143 1521 ³⁵
156 1464 263 1545 Quam
283 1468 344 1531 sibi
365 1468 488 1531 dotatae
507 1486 639 1548 regnum
659 1475 751 1529 vetus
770 1463 1011 1552 Hippodamiae,

193 1551 234 1616 Et
257 1574 334 1638 quas
353 1551 421 1617 Elis
442 1574 461 1615 o
484 1573 519 1617 es
538 1562 610 1616 unte
630 1561 750 1636 pararat
770 1553 867 1635 equis.

152 1634 308 1715 Quamvis
326 1658 441 1718 magna
461 1575 557 1712 lauet,
578 1637 723 1720 quamvis
742 1639 861 1699 maiora
882 1635 1018 1715 daturus,
1099 1666 1102 1671 ·

197 1721 270 1787 Non
289 1726 394 1787 'tamen
415 1724 469 1788 illa
489 1744 580 1787 meos
599 1721 679 1803 fugit
700 1724 793 1784 avara
812 1723 910 1785 sinus.

155 1806 245 1871 Hanc
266 1830 326 1888 ego
346 1831 412 1872 non
431 1829 517 1887 auro,
538 1830 603 1872 non
622 1804 709 1870 Indis
728 1807 853 1871 flectere
873 1805 1008 1886 conchis,

121 1907 150 1949 ⁴⁰
203 1891 266 1956 Sed
284 1896 373 1979 potui
392 1892 499 1958 blandi
520 1894 663 1957 carminis
684 1892 845 1976 obsequio.

156 1974 236 2039 Sunt
254 1978 348 2061 igitur
367 1978 488 2059 Musae,
508 2000 611 2066 neque
631 1978 748 2041 amanti
768 1978 874 2042 tardus
895 1974 1023 2062 Apollo,

115 2104 118 2109 -
198 2062 281 2143 Quis
301 2085 361 2147 ego
379 2067 478 2130 fretus
497 2086 587 2129 amo:
609 2063 742 2146 Cynthia
762 2085 829 2127 rara
849 2082 922 2129 mea
942 2073 999 2125 est.

158 2144 249 2211 Nune
268 2150 350 2211 mihi
369 2144 494 2215 summa
513 2152 586 2215 licet
607 2153 783 2229 contingere
804 2150 905 2213 sidera
927 2146 1058 2233 plantis:

204 2232 282 2298 Siue
303 2234 370 2299 dies
391 2257 447 2299 seu
468 2256 535 2299 nox
555 2238 693 2315 venerit,
713 2236 768 2299 illa
787 2256 861 2298 mea
881 2243 940 2313 est,

127 2329 154 2370 ⁴⁵
166 2318 232 2387 Nec
254 2320 336 2381 ntibi
354 2319 463 2385 rivalis
484 2335 583 2383 certos
604 2319 747 2385 subducit
766 2341 899 2384 amores.

204 2400 272 2467 Ista
291 2424 399 2467 meam
415 2406 498 2467 norit
518 2405 617 2485 gloria
638 2406 793 2478 canitiem.

32 2722 36 2733 ,
123 2609 340 2728 oDicebum
365 2664 601 2746 tibi-venturos,
621 2665 736 2749 irrisor,
756 2690 890 2752 amores,
972 2726 977 2735 .
1099 2644 1110 2675 a

207 2747 272 2813 Nec
292 2750 351 2813 tibi
370 2763 520 2839 perpetuo
540 2754 638 2817 libera
658 2756 858 2820 corbulone:
929 2766 933 2773 '

166 2833 246 2898 Ecce
265 2838 348 2899 iaces
368 2832 566 2924 supplexque
586 2839 676 2902 venis
697 2840 738 2903 ad
757 2840 825 2905 iura
845 2846 978 2928 puellae,

206 2918 248 2982 Et
266 2922 325 2983 tibi
344 2944 426 2985 nunc
445 2924 712 3009 quovis-imperat
729 2938 835 3013 empta
854 2930 972 2993 modo.-

142 3007 241 3071 sNon
261 3026 314 3069 me
335 3005 494 3071 Chaoniae
514 3009 640 3084 vincant
656 3010 689 3072 in
711 3030 817 3075 amore
838 3014 1000 3079 columbae

38 3094 41 3099 '
211 3088 334 3165 Dicere,
357 3113 437 3176 quos
457 3093 587 3159 iuvenes
606 3116 747 3181 quaeque
767 3100 872 3181 puella
894 3098 1009 3167 domet

170 3175 224 3239 Mo
245 3175 335 3240 dolor
355 3188 387 3239 et
406 3180 552 3241 lacrimae
572 3181 683 3244 merito
705 3184 805 3246 fecere
825 3186 978 3270 peritum:

213 3258 321 3347 Atque
341 3264 462 3326 utinam
482 3266 584 3349 posito
606 3267 689 3329 dicar
710 3289 816 3333 amore
836 3270 941 3337 rudis!

172 3344 258 3428 Quid
278 3348 337 3411 tibi
357 3370 439 3411 nunc
460 3351 576 3414 misem
595 3352 722 3438 prodest
741 3374 836 3435 grave
856 3355 960 3422 dicere
979 3378 1104 3421 maman

137 3445 166 3487 10
217 3430 286 3497 Aut
304 3434 520 3521 Amphioniae
539 3438 666 3500 moenia
686 3438 762 3503 flere
781 3441 890 3523 lyrae?

157 3642 186 3705 8,
203 3660 247 3700 aa·
265 3641 372 3701 lumino
388 3644 442 3698 Nr.
526 3647 570 3703 25.
589 3648 694 3704 atratlis
707 3648 775 3708 licet
795 3652 863 3709 baec
878 3653 918 3708 tt.
941 3650 1079 3710 Anti-aclis
1096 3672 1142 3706 ve-

96 3726 139 3767 m
155 3710 204 3765 tuo
219 3710 312 3795 codano
329 3712 362 3771 P.
415 3717 458 3769 26.
475 3714 564 3789 hylela
586 3717 624 3785 0,
640 3718 765 3791 hileisN,
782 3722 867 3779 heleis
883 3722 923 3777 R.
972 3737 1017 3793 27.
1035 3731 1092 3776 ml
1106 3722 1144 3777 N.

128 3790 175 3907 pp.
188 3783 482 3909 ⁸vurpdclilrpppr(risstollit
498 3808 523 3842 r.
555 3790 601 3847 56.
617 3788 689 3845 helie
705 3790 744 3858 Il,
760 3792 819 3865 alys
838 3794 878 3856 G.
902 3793 956 3885 Al.
971 3793 1093 3848 aiacrior
1103 3788 1144 3845 N.

163 3918 192 3982 a,
206 3921 235 3981 4.
250 3924 364 3995 quava
383 3922 466 3979 ou..
532 3896 691 3999 apuam
706 3943 753 3985 om
769 3926 808 3985 o.
842 3964 844 3969 -
