2490 4358
233 284 236 289 ,
306 189 565 269 aronnaco
590 186 685 278 um
712 189 760 267 v.
785 184 886 305 (rus
906 180 946 267 r.
1107 198 1159 295 nr

211 373 315 444 Lotus
336 386 368 440 et
390 374 547 463 Hesperia
566 371 643 460 qnid
663 372 870 460 meamus
888 384 985 465 aqua,‘
1053 396 1059 429 ³

166 463 300 533 Dicam:
321 460 419 525 Troia
440 461 543 540 cades,
565 470 598 522 et
617 456 730 523 Troica
748 458 858 525 Roma
872 482 1027 549 resurges,

210 549 251 612 Et
271 549 368 611 maris
388 560 422 611 et
440 559 542 622 terrae
561 546 656 626 longa
678 547 817 631 sepulcre
839 568 962 617 canam.
1061 574 1064 579 ·

167 634 245 699 Dixi
266 655 337 716 ego,
359 654 431 697 cum
452 631 596 713 geminos
615 630 799 717 produceret
818 629 911 697 Arria
931 648 986 701 nat

131 739 161 782 uo
210 717 289 803 (Illa
303 719 399 782 dabat
417 720 498 782 natis
519 737 609 780 erma
625 727 752 780 vetante
772 714 870 796 deo)¹
1002 756 1016 785 ,-
1038 747 1052 757 ··
1113 758 1117 767 ·

165 805 241 871 Non
265 825 359 890 posse
380 803 421 866 ad
441 803 558 890 patrios
579 821 643 865 sua·
657 802 720 888 pila
742 805 857 866 referre
878 802 1031 874 Penates:

206 888 330 975 Nempe
351 910 459 952 meana
479 889 606 950 firmant
625 908 708 950 nunc
729 885 793 949 duo
814 891 906 955 busta
925 892 1040 961 fldem·

162 972 229 1057 Qui
250 997 292 1062 pe
312 971 485 1060 Lupercus,
508 969 584 1057 equi
604 971 682 1034 dum
702 973 808 1036 saucia
828 976 964 1061 protegit
983 1000 1052 1065 era,

204 997 361 1135 ridnnibi
381 1061 528 1144 prolapso
548 1078 613 1120 non
634 1059 715 1121 bene
736 1059 821 1121 cavit
840 1081 941 1147 equo:
994 1085 998 1091 ·

59 1156 62 1165 '
127 1157 154 1200 ω
167 1141 277 1210 Gallus
298 1155 339 1220 at,
359 1145 394 1206 in
416 1144 522 1207 cestris
543 1142 622 1207 dum
643 1143 759 1206 credita
776 1144 868 1225 'signa
888 1156 1006 1230 matur,
1107 1144 1117 1188 '¹

204 1228 347 1296 Concidit
367 1240 439 1293 ante
460 1228 584 1314 aquilae
604 1239 706 1292 rostra
727 1228 854 1292 cruenta
873 1252 963 1297 suae.-
1037 1268 1051 1279 ··

159 1314 283 1381 Fatales
303 1315 401 1402 pueri,
422 1312 487 1377 duo
507 1317 617 1377 lunera
634 1316 744 1377 matris
765 1334 891 1381 avarae.

204 1401 299 1478 Vera,
322 1399 380 1464 sed
400 1401 502 1465 inrito
515 1399 653 1480 ‚contigit
673 1400 733 1463 ista
753 1398 844 1464 fides.
1026 1444 1052 1455 ..

158 1481 250 1550 Idem
272 1507 342 1567 ego,
365 1507 437 1549 curn
459 1485 592 1550 Cinarae
612 1486 748 1549 traheret
767 1481 889 1548 Lucina
910 1485 1045 1571 dolores,

103 1580 146 1624 ¹⁰⁰
175 1639 179 1645 ,
199 1570 242 1638 Et
260 1574 397 1635 facerent
415 1571 497 1634 uteri
515 1569 655 1658 pondera
674 1572 759 1633 lenta
778 1573 936 1652 mormn‚‘

158 1648 301 1721 ‘lunonis
320 1669 433 1720 votnm
454 1657 554 1720 iacile'
566 1644 756 1741 inpetrabile'
780 1656 864 1719 dixit
1024 1657 1030 1666 ’

204 1740 264 1804 Illa
286 1744 377 1828 parit,
399 1743 486 1806 libris
507 1753 556 1806 est
577 1742 648 1803 data
669 1743 774 1826 palma
794 1742 887 1805 meis.

45 1890 49 1896 .
159 1825 229 1891 Hoc
251 1849 355 1910 neque
377 1848 544 1891 arenosum
563 1824 687 1908 Libyae
706 1825 794 1890 Iovis
814 1826 951 1912 explicat
967 1826 1102 1912 annum,

200 1911 269 1977 Aut
289 1913 350 1975 sibi
369 1914 557 1977 commissos
577 1913 656 1975 fibra
675 1915 778 1975 locuta
800 1910 911 1984 deon.

102 2011 143 2054 ros
156 1996 226 2061 Ant
246 1998 274 2060 si
294 1996 365 2083 quis
386 2010 489 2065 mutae
510 1998 640 2062 comicia
661 1998 796 2065 sanserit
816 1999 894 2077 alas,

199 2082 358 2161 Umbreno
380 2105 461 2169 quae
481 2084 612 2164 magicis
632 2095 756 2145 mortua
776 2083 881 2168 prodit
899 2084 1010 2168 aquier
1057 2086 1062 2125 ³

157 2165 206 2232 As
228 2168 350 2234 icienda
371 2171 423 2231 via
445 2180 494 2235 est
516 2169 594 2231 caeli
614 2189 775 2252 verusque.
791 2188 847 2253 per
865 2178 949 2231 astra
974 2214 978 2221 .

199 2191 342 2330 frames,
365 2265 397 2315 et
416 2255 454 2314 ab
478 2253 567 2314 zonis
588 2253 723 2337 quinque
743 2250 880 2337 petenda
899 2253 1013 2316 iidesi·
1056 2254 1061 2295 ἶ

156 2337 350 2422 Exemplum
370 2357 465 2417 grave
487 2338 545 2399 erit
565 2333 714 2399 Calchas:
744 2356 882 2421 namque
901 2333 1023 2400 Aulide
1040 2344 1136 2411 solvit

100 2443 141 2484 no
195 2421 254 2485 Ille
275 2426 356 2488 bene
376 2424 540 2487 haerentes
561 2421 602 2483 ad
622 2421 674 2507 pia
695 2442 773 2484 saxa
792 2433 884 2500 rates,
1044 2412 1050 2429 '
1103 2434 1121 2463 ‘·

63 2522 69 2538 ·
155 2502 251 2569 ‘Idem
271 2507 545 2587 Agamemnoniae
565 2509 682 2568 ferrum
704 2506 824 2569 cervice
843 2509 989 2590 puellae?

199 2591 319 2670 Tinxit,
341 2604 373 2655 et
389 2592 517 2656 Atrides
531 2593 610 2655 uela
631 2603 757 2654 cruenta
779 2591 883 2655 dedit:
1006 2642 1009 2647 .
1041 2628 1046 2645 ι

155 2676 220 2741 Nec
241 2677 360 2741 rediere
380 2689 488 2741 tamen
509 2674 621 2739 Danai.
645 2689 680 2738 tu
701 2677 803 2740 diruta
823 2677 935 2740 fletum
985 2722 989 2731 -

201 2760 370 2850 supprime
391 2776 424 2826 et
442 2762 600 2826 Euboicos
621 2763 750 2848 respice,
770 2762 875 2840 Troia,
897 2765 995 2831 sinos.

96 2859 136 2903 11⁵
149 2845 301 2934 Nauplius
327 2852 444 2915 ultores
460 2851 523 2912 sub
545 2860 671 2911 noctem
692 2850 820 2934 porrigit
839 2850 947 2931 ignee,¹
1019 2864 1024 2895 ²

198 2932 238 2995 Et
258 2947 343 2996 natat
364 2936 491 2996 exuviis
513 2932 643 2996 Graecia
665 2956 774 3018 pressa
795 2936 869 2998 suis.

154 3019 264 3082 Victor
283 3020 420 3097 Oiliade,
443 3040 518 3102 rape
540 3041 622 3081 nunc
644 3030 675 3081 et
696 3019 791 3099 dilige
813 3031 933 3103 vatem,
1017 3066 1021 3073 .

197 3103 304 3183 Quam
324 3114 412 3166 vetat
432 3102 526 3166 avelli
548 3112 639 3165 vesle
661 3100 806 3166 Minerva
828 3124 896 3167 sua.
1002 3104 1005 3111 '

31 3260 35 3271 Ι
154 3188 314 3251 Hactenus
336 3190 500 3253 historiae:
523 3210 605 3250 nunc
627 3187 667 3250 ad
689 3198 742 3250 tua
764 3187 907 3252 devehat
927 3196 1045 3253 asnar*

19 3274 24 3279 ’
97 3284 138 3327 ¹²⁰
191 3272 298 3361 Incipe
319 3285 353 3339 tu
374 3275 509 3337 lacrimis
531 3295 649 3359 aequus
671 3273 783 3338 adesse
804 3275 908 3339 novica
1021 3320 1024 3324 ·
1071 3326 1075 3335 .

71 3596 108 3648 pr
129 3577 168 3631 G,
275 3576 319 3647 96.
339 3576 416 3646 rigna
437 3574 475 3630 G.
567 3594 612 3661 99·
630 3591 693 3629 cum
712 3578 806 3653 cinare
823 3576 861 3642 N,
878 3595 943 3637 curn
960 3574 1080 3649 cinyrae.

70 3647 236 3709 concinam
255 3667 278 3701 r.
384 3642 637 3704 100.humu10.
748 3666 806 3705 ror.
832 3648 912 3713 lenite
938 3657 1036 3711 votum
1053 3642 1131 3717 β.

97 3716 256 3770 ‘nomicos
273 3713 355 3769 libiae
372 3733 394 3778 r,
482 3719 544 3771 iai.
561 3719 742 3783 senserat-G.
823 3717 880 3773 rud.
900 3719 1046 3785 Umbrepp

74 3790 111 3846 Ν,
129 3782 238 3839 Umbra
256 3800 346 3859 aequa
362 3783 394 3836 ia
412 3780 452 3849 G,
470 3784 632 3856 Umbroque
648 3805 700 3841 nac
718 3784 757 3845 R.
845 3803 907 3857 ro7.
924 3806 1098 3917 serenatus,
1122 3824 1132 3845 .

1054 3878 1084 3929 a?

141 3505 171 3575 i,
188 3502 233 3563 86.
250 3502 298 3580 qul
317 3507 357 3562 N·
454 3504 498 3579 87.
517 3501 608 3561 clides
627 3502 666 3563 G.
709 3504 714 3512 ’
756 3523 801 3579 9¹·
818 3480 909 3567 reim·
924 3529 949 3560 r.
1017 3509 1063 3580 94.
1080 3510 1146 3649 w,

1092 3650 1126 3717 Ν

102 3868 167 3937 Ιιη.
188 3853 284 3910 Victor
301 3863 319 3911 6
337 3850 419 3933 iliade
443 3850 497 3935 lida,
520 3856 619 3915 Victor
645 3857 738 3912 nilide.
749 3846 782 3926 Ρ,
798 3848 896 3915 Ollio·
911 3848 1003 3929 viniis

74 3920 134 4009 aas.
152 3920 245 3994 Quem
263 3944 287 3982 r.
354 3922 419 3980 rede
438 3919 470 3977 P.
540 3941 597 3997 ruo
616 3924 716 3993 descen
736 3924 774 3986 Ν.

1009 3978 1022 3997 Ιιι

1032 3950 1138 3984 a..

794 3994 826 4061 G
