<?xml version="1.0" encoding="UTF-8"?>
<!DOCTYPE html PUBLIC "-//W3C//DTD XHTML 1.0 Transitional//EN"
    "http://www.w3.org/TR/xhtml1/DTD/xhtml1-transitional.dtd">
<html xmlns="http://www.w3.org/1999/xhtml" xml:lang="en" lang="en">
 <head>
  <title>
</title>
<meta http-equiv="Content-Type" content="text/html;charset=utf-8" />
  <meta name='ocr-system' content='tesseract 3.04.00' />
  <meta name='ocr-capabilities' content='ocr_page ocr_carea ocr_par ocr_line ocrx_word'/>
</head>
<body>
  <div class='ocr_page' id='page_1' title='image "./sexaureliiprope00propgoog_0120.png"; bbox 0 0 2490 4358; ppageno 0'>
   <div class='ocr_carea' id='block_1_1' title="bbox 297 171 1142 333">
    <p class='ocr_par' dir='ltr' id='par_1_1' title="bbox 297 171 1142 333">
     <span class='ocr_line' id='line_1_1' title="bbox 297 171 1142 333; baseline -0.021 -37"><span class='ocrx_word' id='word_1_1' title='bbox 297 176 557 333; x_wconf 74' lang='lat' dir='ltr'><strong>ruoruaru</strong></span> <span class='ocrx_word' id='word_1_2' title='bbox 581 171 677 290; x_wconf 77' lang='lat' dir='ltr'><strong>ura</strong></span> <span class='ocrx_word' id='word_1_3' title='bbox 711 213 940 327; x_wconf 80' lang='lat' dir='ltr'><strong>v.(1tt·).s·</strong></span> <span class='ocrx_word' id='word_1_4' title='bbox 1068 209 1142 283; x_wconf 78' lang='lat' dir='ltr'><strong>ru</strong></span> 
     </span>
    </p>
   </div>
   <div class='ocr_carea' id='block_1_2' title="bbox 214 392 805 479">
    <p class='ocr_par' dir='ltr' id='par_1_2' title="bbox 214 392 805 479">
     <span class='ocr_line' id='line_1_2' title="bbox 214 392 805 479; baseline -0.015 -10"><span class='ocrx_word' id='word_1_5' title='bbox 214 399 467 471; x_wconf 61' lang='lat' dir='ltr'><strong>torrendorum</strong></span> <span class='ocrx_word' id='word_1_6' title='bbox 490 403 612 464; x_wconf 73' lang='lat' dir='ltr'><strong>luxerat</strong></span> <span class='ocrx_word' id='word_1_7' title='bbox 631 392 704 479; x_wconf 84' lang='lat' dir='ltr'><strong>igne</strong></span> <span class='ocrx_word' id='word_1_8' title='bbox 725 411 805 477; x_wconf 81' lang='lat' dir='ltr'><strong>casa,</strong></span> 
     </span>
    </p>
   </div>
   <div class='ocr_carea' id='block_1_3' title="bbox 66 483 1097 3370">
    <p class='ocr_par' dir='ltr' id='par_1_3' title="bbox 66 483 1097 3370">
     <span class='ocr_line' id='line_1_3' title="bbox 172 483 963 566; baseline -0.008 -12"><span class='ocrx_word' id='word_1_9' title='bbox 172 492 218 558; x_wconf 83' lang='lat'><strong>1‘0</strong></span> <span class='ocrx_word' id='word_1_10' title='bbox 241 492 311 562; x_wconf 87' lang='lat' dir='ltr'><strong>ulus</strong></span> <span class='ocrx_word' id='word_1_11' title='bbox 333 500 364 551; x_wconf 89' lang='lat' dir='ltr'><strong>et</strong></span> <span class='ocrx_word' id='word_1_12' title='bbox 387 487 487 566; x_wconf 84' lang='lat' dir='ltr'><strong>longis</strong></span> <span class='ocrx_word' id='word_1_13' title='bbox 509 487 640 548; x_wconf 87' lang='lat' dir='ltr'><strong>ornabat</strong></span> <span class='ocrx_word' id='word_1_14' title='bbox 658 484 823 547; x_wconf 80' lang='lat' dir='ltr'><strong>frondibus</strong></span> <span class='ocrx_word' id='word_1_15' title='bbox 842 483 963 565; x_wconf 88' lang='lat' dir='ltr'><strong>aedem,</strong></span> 
     </span>
     <span class='ocr_line' id='line_1_4' title="bbox 66 513 1093 659; baseline 0 -24"><span class='ocrx_word' id='word_1_16' title='bbox 66 630 69 635; x_wconf 93' lang='lat'><em>.</em></span> <span class='ocrx_word' id='word_1_17' title='bbox 141 592 170 635; x_wconf 85' lang='lat' dir='ltr'><strong>so</strong></span> <span class='ocrx_word' id='word_1_18' title='bbox 203 513 380 659; x_wconf 64' lang='lat' dir='ltr'><strong>=Klultaque</strong></span> <span class='ocrx_word' id='word_1_19' title='bbox 401 582 558 634; x_wconf 85' lang='lat' dir='ltr'><strong>cantantes</strong></span> <span class='ocrx_word' id='word_1_20' title='bbox 583 571 692 633; x_wconf 89' lang='lat' dir='ltr'><strong>umbra</strong></span> <span class='ocrx_word' id='word_1_21' title='bbox 713 565 839 650; x_wconf 77' lang='lat' dir='ltr'><strong>tegebat</strong></span> <span class='ocrx_word' id='word_1_22' title='bbox 857 591 953 636; x_wconf 67' lang='lat' dir='ltr'><strong>aveo·</strong></span> <span class='ocrx_word' id='word_1_23' title='bbox 1016 606 1022 621; x_wconf 93' lang='lat'><em>·</em></span> <span class='ocrx_word' id='word_1_24' title='bbox 1089 590 1093 597; x_wconf 83' lang='lat'><em>·</em></span> 
     </span>
     <span class='ocr_line' id='line_1_5' title="bbox 172 657 1066 746; baseline -0.007 -21.601"><span class='ocrx_word' id='word_1_25' title='bbox 172 660 244 725; x_wconf 84' lang='lat' dir='ltr'><strong>Huc</strong></span> <span class='ocrx_word' id='word_1_26' title='bbox 264 659 327 725; x_wconf 89' lang='lat' dir='ltr'><strong>ruit</strong></span> <span class='ocrx_word' id='word_1_27' title='bbox 346 660 379 721; x_wconf 89' lang='lat' dir='ltr'><strong>in</strong></span> <span class='ocrx_word' id='word_1_28' title='bbox 400 659 513 720; x_wconf 86' lang='lat' dir='ltr'><strong>siccam</strong></span> <span class='ocrx_word' id='word_1_29' title='bbox 535 667 684 736; x_wconf 79' lang='lat' dir='ltr'><strong>congesto</strong></span> <span class='ocrx_word' id='word_1_30' title='bbox 704 657 832 746; x_wconf 79' lang='lat' dir='ltr'><strong>pulvere</strong></span> <span class='ocrx_word' id='word_1_31' title='bbox 853 657 995 733; x_wconf 78' lang='lat' dir='ltr'><strong>barbam,</strong></span> <span class='ocrx_word' id='word_1_32' title='bbox 1059 692 1066 705; x_wconf 77' lang='lat'>=</span> 
     </span>
     <span class='ocr_line' id='line_1_6' title="bbox 213 740 891 817; baseline -0.015 -5"><span class='ocrx_word' id='word_1_33' title='bbox 213 745 254 812; x_wconf 85' lang='lat' dir='ltr'><strong>Et</strong></span> <span class='ocrx_word' id='word_1_34' title='bbox 273 745 346 807; x_wconf 83' lang='lat' dir='ltr'><strong>iacit</strong></span> <span class='ocrx_word' id='word_1_35' title='bbox 366 754 437 806; x_wconf 85' lang='lat' dir='ltr'><strong>ante</strong></span> <span class='ocrx_word' id='word_1_36' title='bbox 456 742 541 805; x_wconf 81' lang='lat' dir='ltr'><strong>iores</strong></span> <span class='ocrx_word' id='word_1_37' title='bbox 559 742 656 817; x_wconf 78' lang='lat' dir='ltr'><strong>¹verba</strong></span> <span class='ocrx_word' id='word_1_38' title='bbox 678 742 799 803; x_wconf 86' lang='lat' dir='ltr'><strong>minora</strong></span> <span class='ocrx_word' id='word_1_39' title='bbox 820 740 891 805; x_wconf 87' lang='lat' dir='ltr'><strong>deo.</strong></span> 
     </span>
     <span class='ocr_line' id='line_1_7' title="bbox 172 825 1078 916; baseline -0.009 -21"><span class='ocrx_word' id='word_1_40' title='bbox 172 825 249 896; x_wconf 84' lang='lat' dir='ltr'><strong>&#39;Vos</strong></span> <span class='ocrx_word' id='word_1_41' title='bbox 269 850 385 916; x_wconf 86' lang='lat' dir='ltr'>precor,</span> <span class='ocrx_word' id='word_1_42' title='bbox 409 850 429 890; x_wconf 96' lang='lat' dir='ltr'><strong>o</strong></span> <span class='ocrx_word' id='word_1_43' title='bbox 449 828 512 890; x_wconf 91' lang='lat' dir='ltr'><strong>luci</strong></span> <span class='ocrx_word' id='word_1_44' title='bbox 533 844 619 890; x_wconf 82' lang='lat' dir='ltr'><strong>sacro</strong></span> <span class='ocrx_word' id='word_1_45' title='bbox 640 841 720 912; x_wconf 84' lang='lat' dir='ltr'><strong>quae</strong></span> <span class='ocrx_word' id='word_1_46' title='bbox 737 827 848 912; x_wconf 68' lang='lat' dir='ltr'><strong>⁴luditis</strong></span> <span class='ocrx_word' id='word_1_47' title='bbox 868 837 968 902; x_wconf 86' lang='lat' dir='ltr'><strong>antro,</strong></span> <span class='ocrx_word' id='word_1_48' title='bbox 1074 882 1078 887; x_wconf 92' lang='lat'>.</span> 
     </span>
     <span class='ocr_line' id='line_1_8' title="bbox 216 907 898 999; baseline -0.01 -16"><span class='ocrx_word' id='word_1_49' title='bbox 216 915 348 983; x_wconf 78' lang='lat' dir='ltr'>Pandite</span> <span class='ocrx_word' id='word_1_50' title='bbox 370 914 502 977; x_wconf 76' lang='lat' dir='ltr'><strong>defessis</strong></span> <span class='ocrx_word' id='word_1_51' title='bbox 522 907 646 999; x_wconf 85' lang='lat' dir='ltr'><strong>hospita</strong></span> <span class='ocrx_word' id='word_1_52' title='bbox 667 914 739 975; x_wconf 83' lang='lat' dir='ltr'><strong>iana</strong></span> <span class='ocrx_word' id='word_1_53' title='bbox 762 907 848 977; x_wconf 81' lang='lat' dir='ltr'><strong>viris.</strong></span> <span class='ocrx_word' id='word_1_54' title='bbox 896 940 898 945; x_wconf 48' lang='lat'>&gt;</span> 
     </span>
     <span class='ocr_line' id='line_1_9' title="bbox 138 994 1097 1083; baseline -0.002 -20"><span class='ocrx_word' id='word_1_55' title='bbox 138 1021 165 1063; x_wconf 78' lang='lat' dir='ltr'><strong>ss</strong></span> <span class='ocrx_word' id='word_1_56' title='bbox 177 1003 285 1066; x_wconf 81' lang='lat' dir='ltr'><strong>Fontis</strong></span> <span class='ocrx_word' id='word_1_57' title='bbox 305 1020 400 1080; x_wconf 85' lang='lat' dir='ltr'><strong>egens</strong></span> <span class='ocrx_word' id='word_1_58' title='bbox 421 1018 499 1077; x_wconf 86' lang='lat' dir='ltr'><strong>erro,</strong></span> <span class='ocrx_word' id='word_1_59' title='bbox 522 995 663 1083; x_wconf 85' lang='lat' dir='ltr'><strong>circaque</strong></span> <span class='ocrx_word' id='word_1_60' title='bbox 683 995 826 1062; x_wconf 74' lang='lat' dir='ltr'><strong>sonantia</strong></span> <span class='ocrx_word' id='word_1_61' title='bbox 846 994 995 1083; x_wconf 74' lang='lat' dir='ltr'><strong>lymphis,</strong></span> <span class='ocrx_word' id='word_1_62' title='bbox 1084 999 1097 1039; x_wconf 64' lang='lat' dir='ltr'><strong>i</strong></span> 
     </span>
     <span class='ocr_line' id='line_1_10' title="bbox 213 1083 1057 1170; baseline -0.006 -19"><span class='ocrx_word' id='word_1_63' title='bbox 213 1087 254 1151; x_wconf 89' lang='lat' dir='ltr'><strong>Et</strong></span> <span class='ocrx_word' id='word_1_64' title='bbox 275 1106 350 1149; x_wconf 85' lang='lat' dir='ltr'><strong>cava</strong></span> <span class='ocrx_word' id='word_1_65' title='bbox 371 1096 515 1170; x_wconf 88' lang='lat' dir='ltr'><strong>suscepto</strong></span> <span class='ocrx_word' id='word_1_66' title='bbox 535 1083 666 1146; x_wconf 87' lang='lat' dir='ltr'><strong>flumine</strong></span> <span class='ocrx_word' id='word_1_67' title='bbox 686 1087 791 1170; x_wconf 86' lang='lat' dir='ltr'><strong>palma</strong></span> <span class='ocrx_word' id='word_1_68' title='bbox 812 1096 861 1149; x_wconf 89' lang='lat' dir='ltr'><strong>sat</strong></span> <span class='ocrx_word' id='word_1_69' title='bbox 880 1095 937 1163; x_wconf 74' lang='lat' dir='ltr'><strong>est,</strong></span> <span class='ocrx_word' id='word_1_70' title='bbox 1052 1118 1057 1125; x_wconf 93' lang='lat'><strong>·</strong></span> 
     </span>
     <span class='ocr_line' id='line_1_11' title="bbox 173 1166 1023 1255; baseline -0.005 -19"><span class='ocrx_word' id='word_1_71' title='bbox 173 1171 359 1237; x_wconf 84' lang='lat' dir='ltr'><strong>Audistisne</strong></span> <span class='ocrx_word' id='word_1_72' title='bbox 379 1170 527 1255; x_wconf 84' lang='lat' dir='ltr'><strong>aliquem,</strong></span> <span class='ocrx_word' id='word_1_73' title='bbox 549 1181 636 1250; x_wconf 84' lang='lat' dir='ltr'><strong>tergo</strong></span> <span class='ocrx_word' id='word_1_74' title='bbox 657 1171 711 1255; x_wconf 91' lang='lat' dir='ltr'><strong>qui</strong></span> <span class='ocrx_word' id='word_1_75' title='bbox 734 1166 859 1234; x_wconf 80' lang='lat' dir='ltr'><strong>sustulit</strong></span> <span class='ocrx_word' id='word_1_76' title='bbox 878 1166 1023 1233; x_wconf 82' lang='lat' dir='ltr'><strong>orbern?-</strong></span> 
     </span>
     <span class='ocr_line' id='line_1_12' title="bbox 216 1254 1052 1359; baseline -0.005 -38"><span class='ocrx_word' id='word_1_77' title='bbox 216 1255 276 1322; x_wconf 91' lang='lat' dir='ltr'><strong>Ille</strong></span> <span class='ocrx_word' id='word_1_78' title='bbox 297 1278 357 1337; x_wconf 85' lang='lat' dir='ltr'><strong>ego</strong></span> <span class='ocrx_word' id='word_1_79' title='bbox 380 1278 471 1319; x_wconf 75' lang='lat' dir='ltr'><strong>sums</strong></span> <span class='ocrx_word' id='word_1_80' title='bbox 487 1254 624 1318; x_wconf 83' lang='lat' dir='ltr'><strong>Alciden</strong></span> <span class='ocrx_word' id='word_1_81' title='bbox 644 1267 724 1317; x_wconf 87' lang='lat' dir='ltr'><strong>terra</strong></span> <span class='ocrx_word' id='word_1_82' title='bbox 745 1267 868 1359; x_wconf 88' lang='lat' dir='ltr'><strong>recepta</strong></span> <span class='ocrx_word' id='word_1_83' title='bbox 887 1267 991 1321; x_wconf 80' lang='lat' dir='ltr'><strong>vocat.</strong></span> <span class='ocrx_word' id='word_1_84' title='bbox 1048 1276 1052 1283; x_wconf 91' lang='lat'><em>·</em></span> 
     </span>
     <span class='ocr_line' id='line_1_13' title="bbox 174 1339 1009 1424; baseline -0.001 -19"><span class='ocrx_word' id='word_1_85' title='bbox 174 1339 256 1424; x_wconf 84' lang='lat' dir='ltr'><strong>Quis</strong></span> <span class='ocrx_word' id='word_1_86' title='bbox 277 1345 357 1404; x_wconf 87' lang='lat' dir='ltr'><strong>facta</strong></span> <span class='ocrx_word' id='word_1_87' title='bbox 376 1342 548 1418; x_wconf 87' lang='lat' dir='ltr'><strong>Herculeae</strong></span> <span class='ocrx_word' id='word_1_88' title='bbox 560 1363 632 1421; x_wconf 15' lang='lat' dir='ltr'><strong>,non</strong></span> <span class='ocrx_word' id='word_1_89' title='bbox 656 1340 743 1403; x_wconf 89' lang='lat' dir='ltr'><strong>audit</strong></span> <span class='ocrx_word' id='word_1_90' title='bbox 761 1341 851 1405; x_wconf 76' lang='lat' dir='ltr'><strong>toros</strong></span> <span class='ocrx_word' id='word_1_91' title='bbox 874 1343 983 1404; x_wconf 79' lang='lat' dir='ltr'><strong>‘clavae</strong></span> <span class='ocrx_word' id='word_1_92' title='bbox 1006 1348 1009 1353; x_wconf 74' lang='grc'><strong><em>’</em></strong></span> 
     </span>
     <span class='ocr_line' id='line_1_14' title="bbox 66 1427 1055 1512; baseline 0 -23"><span class='ocrx_word' id='word_1_93' title='bbox 66 1431 68 1436; x_wconf 83' lang='grc'><strong>’</strong></span> <span class='ocrx_word' id='word_1_94' title='bbox 99 1433 100 1436; x_wconf 73' lang='grc'>’</span> <span class='ocrx_word' id='word_1_95' title='bbox 137 1447 166 1489; x_wconf 81' lang='lat' dir='ltr'><strong>tu</strong></span> <span class='ocrx_word' id='word_1_96' title='bbox 200 1428 260 1491; x_wconf 84' lang='lat' dir='ltr'><strong>.-Et</strong></span> <span class='ocrx_word' id='word_1_97' title='bbox 280 1435 453 1512; x_wconf 82' lang='lat' dir='ltr'><strong>numquam</strong></span> <span class='ocrx_word' id='word_1_98' title='bbox 475 1427 515 1489; x_wconf 88' lang='lat' dir='ltr'><strong>ad</strong></span> <span class='ocrx_word' id='word_1_99' title='bbox 537 1439 624 1489; x_wconf 88' lang='lat' dir='ltr'><strong>natas</strong></span> <span class='ocrx_word' id='word_1_100' title='bbox 645 1427 729 1489; x_wconf 88' lang='lat' dir='ltr'><strong>irrita</strong></span> <span class='ocrx_word' id='word_1_101' title='bbox 750 1428 812 1489; x_wconf 87' lang='lat' dir='ltr'><strong>tela</strong></span> <span class='ocrx_word' id='word_1_102' title='bbox 834 1429 926 1506; x_wconf 83' lang='lat' dir='ltr'><strong>feras,</strong></span> <span class='ocrx_word' id='word_1_103' title='bbox 1053 1502 1055 1508; x_wconf 15' lang='lat' dir='ltr'><em>A</em></span> 
     </span>
     <span class='ocr_line' id='line_1_15' title="bbox 84 1510 979 1598; baseline -0.004 -19"><span class='ocrx_word' id='word_1_104' title='bbox 84 1543 86 1547; x_wconf 56' lang='lat'><strong><em>¹</em></strong></span> <span class='ocrx_word' id='word_1_105' title='bbox 167 1514 281 1598; x_wconf 74' lang='lat' dir='ltr'><strong>,Atque</strong></span> <span class='ocrx_word' id='word_1_106' title='bbox 303 1515 359 1576; x_wconf 91' lang='lat' dir='ltr'><strong>uni</strong></span> <span class='ocrx_word' id='word_1_107' title='bbox 379 1512 505 1593; x_wconf 83' lang='lat' dir='ltr'><strong>Stygias</strong></span> <span class='ocrx_word' id='word_1_108' title='bbox 526 1512 649 1574; x_wconf 79' lang='lat' dir='ltr'><strong>homini</strong></span> <span class='ocrx_word' id='word_1_109' title='bbox 669 1512 790 1575; x_wconf 87' lang='lat' dir='ltr'><strong>luxisse</strong></span> <span class='ocrx_word' id='word_1_110' title='bbox 809 1510 979 1591; x_wconf 80' lang='lat' dir='ltr'><strong>tenebras?</strong></span> 
     </span>
     <span class='ocr_line' id='line_1_16' title="bbox 217 1596 1005 1686; baseline -0.001 -23"><span class='ocrx_word' id='word_1_111' title='bbox 217 1599 380 1686; x_wconf 72' lang='lat' dir='ltr'><strong>Ancipites</strong></span> <span class='ocrx_word' id='word_1_112' title='bbox 400 1599 479 1662; x_wconf 88' lang='lat' dir='ltr'><strong>haec</strong></span> <span class='ocrx_word' id='word_1_113' title='bbox 500 1600 585 1661; x_wconf 87' lang='lat' dir='ltr'><strong>fesso</strong></span> <span class='ocrx_word' id='word_1_114' title='bbox 607 1599 664 1660; x_wconf 85' lang='lat' dir='ltr'><strong>vix</strong></span> <span class='ocrx_word' id='word_1_115' title='bbox 684 1596 764 1661; x_wconf 90' lang='lat' dir='ltr'><strong>mihi</strong></span> <span class='ocrx_word' id='word_1_116' title='bbox 783 1608 863 1660; x_wconf 88' lang='lat' dir='ltr'><strong>terra</strong></span> <span class='ocrx_word' id='word_1_117' title='bbox 884 1608 980 1685; x_wconf 86' lang='lat' dir='ltr'><strong>patet.</strong></span> <span class='ocrx_word' id='word_1_118' title='bbox 999 1644 1005 1685; x_wconf 73' lang='lat'><em>3</em></span> 
     </span>
     <span class='ocr_line' id='line_1_17' title="bbox 71 1678 920 1770; baseline -0.001 -22"><span class='ocrx_word' id='word_1_119' title='bbox 71 1755 76 1770; x_wconf 49' lang='lat'>‚</span> <span class='ocrx_word' id='word_1_120' title='bbox 97 1710 99 1714; x_wconf 52' lang='lat'><strong><em>⁴</em></strong></span> <span class='ocrx_word' id='word_1_121' title='bbox 175 1683 263 1767; x_wconf 85' lang='lat' dir='ltr'><strong>Quid</strong></span> <span class='ocrx_word' id='word_1_122' title='bbox 284 1689 311 1748; x_wconf 89' lang='lat' dir='ltr'><strong>si</strong></span> <span class='ocrx_word' id='word_1_123' title='bbox 331 1682 446 1747; x_wconf 92' lang='lat' dir='ltr'><strong>Iunoni</strong></span> <span class='ocrx_word' id='word_1_124' title='bbox 467 1699 588 1747; x_wconf 88' lang='lat' dir='ltr'><strong>sacrum</strong></span> <span class='ocrx_word' id='word_1_125' title='bbox 608 1678 751 1746; x_wconf 89' lang='lat' dir='ltr'><strong>faceretis</strong></span> <span class='ocrx_word' id='word_1_126' title='bbox 772 1682 920 1747; x_wconf 82' lang='lat' dir='ltr'><strong>amarae?</strong></span> 
     </span>
     <span class='ocr_line' id='line_1_18' title="bbox 217 1762 1001 1856; baseline -0.001 -22"><span class='ocrx_word' id='word_1_127' title='bbox 217 1768 291 1834; x_wconf 91' lang='lat' dir='ltr'><strong>Non</strong></span> <span class='ocrx_word' id='word_1_128' title='bbox 312 1768 473 1833; x_wconf 84' lang='lat' dir='ltr'><strong>clausisset</strong></span> <span class='ocrx_word' id='word_1_129' title='bbox 492 1762 587 1854; x_wconf 82' lang='lat' dir='ltr'><strong>aquas</strong></span> <span class='ocrx_word' id='word_1_130' title='bbox 608 1770 676 1856; x_wconf 86' lang='lat' dir='ltr'><strong>ipsa</strong></span> <span class='ocrx_word' id='word_1_131' title='bbox 697 1789 830 1832; x_wconf 88' lang='lat' dir='ltr'><strong>noverca</strong></span> <span class='ocrx_word' id='word_1_132' title='bbox 852 1787 936 1833; x_wconf 84' lang='lat' dir='ltr'><strong>suas.</strong></span> <span class='ocrx_word' id='word_1_133' title='bbox 999 1772 1001 1776; x_wconf 75' lang='grc'>’</span> 
     </span>
     <span class='ocr_line' id='line_1_19' title="bbox 138 1852 1088 1939; baseline -0.002 -20"><span class='ocrx_word' id='word_1_134' title='bbox 138 1869 165 1911; x_wconf 81' lang='lat'><strong>⁴⁵</strong></span> <span class='ocrx_word' id='word_1_135' title='bbox 181 1853 236 1919; x_wconf 90' lang='lat' dir='ltr'><strong>Sin</strong></span> <span class='ocrx_word' id='word_1_136' title='bbox 259 1856 397 1939; x_wconf 90' lang='lat' dir='ltr'><strong>aliquam</strong></span> <span class='ocrx_word' id='word_1_137' title='bbox 417 1857 587 1939; x_wconf 83' lang='lat' dir='ltr'><strong>vultusque</strong></span> <span class='ocrx_word' id='word_1_138' title='bbox 608 1877 700 1918; x_wconf 90' lang='lat' dir='ltr'><strong>meus</strong></span> <span class='ocrx_word' id='word_1_139' title='bbox 722 1865 890 1939; x_wconf 87' lang='lat' dir='ltr'><strong>saetaeque</strong></span> <span class='ocrx_word' id='word_1_140' title='bbox 910 1852 1012 1919; x_wconf 87' lang='lat' dir='ltr'><strong>leonis</strong></span> <span class='ocrx_word' id='word_1_141' title='bbox 1086 1912 1088 1917; x_wconf 81' lang='grc'>,</span> 
     </span>
     <span class='ocr_line' id='line_1_20' title="bbox 231 1938 911 2026; baseline 0 -23"><span class='ocrx_word' id='word_1_142' title='bbox 231 1939 363 2004; x_wconf 80' lang='lat' dir='ltr'><strong>Terreat</strong></span> <span class='ocrx_word' id='word_1_143' title='bbox 381 1950 413 2012; x_wconf 87' lang='lat' dir='ltr'><strong>et</strong></span> <span class='ocrx_word' id='word_1_144' title='bbox 432 1938 554 2021; x_wconf 88' lang='lat' dir='ltr'><strong>Libyco</strong></span> <span class='ocrx_word' id='word_1_145' title='bbox 575 1942 643 2004; x_wconf 89' lang='lat' dir='ltr'><strong>sole</strong></span> <span class='ocrx_word' id='word_1_146' title='bbox 663 1952 789 2026; x_wconf 87' lang='lat' dir='ltr'><strong>perusta</strong></span> <span class='ocrx_word' id='word_1_147' title='bbox 811 1960 911 2022; x_wconf 89' lang='lat' dir='ltr'><strong>coma,</strong></span> 
     </span>
     <span class='ocr_line' id='line_1_21' title="bbox 174 2023 832 2114; baseline -0.005 -24"><span class='ocrx_word' id='word_1_148' title='bbox 174 2024 266 2090; x_wconf 90' lang='lat' dir='ltr'><strong>Idem</strong></span> <span class='ocrx_word' id='word_1_149' title='bbox 288 2036 347 2107; x_wconf 83' lang='lat' dir='ltr'><strong>ego</strong></span> <span class='ocrx_word' id='word_1_150' title='bbox 369 2023 499 2088; x_wconf 90' lang='lat' dir='ltr'><strong>Sidonia</strong></span> <span class='ocrx_word' id='word_1_151' title='bbox 519 2028 581 2089; x_wconf 88' lang='lat' dir='ltr'><strong>feci</strong></span> <span class='ocrx_word' id='word_1_152' title='bbox 600 2027 726 2089; x_wconf 85' lang='lat' dir='ltr'><strong>servilia</strong></span> <span class='ocrx_word' id='word_1_153' title='bbox 748 2026 832 2114; x_wconf 89' lang='lat' dir='ltr'><strong>palla</strong></span> 
     </span>
     <span class='ocr_line' id='line_1_22' title="bbox 217 2109 849 2198; baseline -0.003 -23"><span class='ocrx_word' id='word_1_154' title='bbox 217 2111 331 2176; x_wconf 87' lang='lat' dir='ltr'><strong>Officia</strong></span> <span class='ocrx_word' id='word_1_155' title='bbox 352 2122 384 2174; x_wconf 89' lang='lat' dir='ltr'><strong>et</strong></span> <span class='ocrx_word' id='word_1_156' title='bbox 405 2109 497 2193; x_wconf 84' lang='lat' dir='ltr'><strong>Lydo</strong></span> <span class='ocrx_word' id='word_1_157' title='bbox 519 2133 615 2198; x_wconf 86' lang='lat' dir='ltr'><strong>pensa</strong></span> <span class='ocrx_word' id='word_1_158' title='bbox 637 2112 746 2174; x_wconf 88' lang='lat' dir='ltr'><strong>diurna</strong></span> <span class='ocrx_word' id='word_1_159' title='bbox 770 2112 849 2190; x_wconf 91' lang='lat' dir='ltr'><strong>colo,</strong></span> 
     </span>
     <span class='ocr_line' id='line_1_23' title="bbox 174 2195 971 2283; baseline 0 -23"><span class='ocrx_word' id='word_1_160' title='bbox 174 2195 283 2261; x_wconf 83' lang='lat' dir='ltr'><strong>Mollis</strong></span> <span class='ocrx_word' id='word_1_161' title='bbox 306 2209 337 2260; x_wconf 89' lang='lat' dir='ltr'><strong>et</strong></span> <span class='ocrx_word' id='word_1_162' title='bbox 357 2197 511 2259; x_wconf 86' lang='lat' dir='ltr'><strong>hirsutum</strong></span> <span class='ocrx_word' id='word_1_163' title='bbox 534 2199 616 2283; x_wconf 88' lang='lat' dir='ltr'><strong>cepit</strong></span> <span class='ocrx_word' id='word_1_164' title='bbox 636 2197 716 2258; x_wconf 90' lang='lat' dir='ltr'><strong>mibi</strong></span> <span class='ocrx_word' id='word_1_165' title='bbox 737 2196 830 2258; x_wconf 88' lang='lat' dir='ltr'><strong>fascia</strong></span> <span class='ocrx_word' id='word_1_166' title='bbox 854 2207 971 2281; x_wconf 88' lang='lat' dir='ltr'><strong>pectus,</strong></span> 
     </span>
     <span class='ocr_line' id='line_1_24' title="bbox 141 2272 841 2366; baseline 0.004 -28"><span class='ocrx_word' id='word_1_167' title='bbox 141 2295 169 2338; x_wconf 78' lang='lat' dir='ltr'><strong>su</strong></span> <span class='ocrx_word' id='word_1_168' title='bbox 222 2281 262 2343; x_wconf 88' lang='lat' dir='ltr'><strong>Et</strong></span> <span class='ocrx_word' id='word_1_169' title='bbox 282 2283 427 2344; x_wconf 88' lang='lat' dir='ltr'><strong>manibus</strong></span> <span class='ocrx_word' id='word_1_170' title='bbox 450 2282 534 2345; x_wconf 89' lang='lat' dir='ltr'><strong>duris</strong></span> <span class='ocrx_word' id='word_1_171' title='bbox 556 2292 626 2363; x_wconf 89' lang='lat' dir='ltr'><strong>apta</strong></span> <span class='ocrx_word' id='word_1_172' title='bbox 649 2283 752 2366; x_wconf 88' lang='lat' dir='ltr'><strong>puella</strong></span> <span class='ocrx_word' id='word_1_173' title='bbox 773 2272 841 2344; x_wconf 85' lang='lat' dir='ltr'><strong>iui.’</strong></span> 
     </span>
     <span class='ocr_line' id='line_1_25' title="bbox 177 2362 939 2445; baseline 0 -15"><span class='ocrx_word' id='word_1_174' title='bbox 177 2367 308 2430; x_wconf 83' lang='lat' dir='ltr'><strong>Talibus</strong></span> <span class='ocrx_word' id='word_1_175' title='bbox 330 2367 474 2431; x_wconf 79' lang='lat' dir='ltr'><strong>Alcides:</strong></span> <span class='ocrx_word' id='word_1_176' title='bbox 497 2379 528 2427; x_wconf 89' lang='lat' dir='ltr'><strong>at</strong></span> <span class='ocrx_word' id='word_1_177' title='bbox 548 2367 661 2430; x_wconf 87' lang='lat' dir='ltr'><strong>talibus</strong></span> <span class='ocrx_word' id='word_1_178' title='bbox 682 2368 768 2428; x_wconf 88' lang='lat' dir='ltr'><strong>alma</strong></span> <span class='ocrx_word' id='word_1_179' title='bbox 785 2362 939 2445; x_wconf 79' lang='lat' dir='ltr'><strong>sacerdos,</strong></span> 
     </span>
     <span class='ocr_line' id='line_1_26' title="bbox 216 2451 885 2516; baseline -0.001 -1"><span class='ocrx_word' id='word_1_180' title='bbox 216 2451 353 2516; x_wconf 89' lang='lat' dir='ltr'><strong>Puniceo</strong></span> <span class='ocrx_word' id='word_1_181' title='bbox 375 2472 466 2515; x_wconf 89' lang='lat' dir='ltr'><strong>canas</strong></span> <span class='ocrx_word' id='word_1_182' title='bbox 487 2451 621 2515; x_wconf 87' lang='lat' dir='ltr'><strong>stamine</strong></span> <span class='ocrx_word' id='word_1_183' title='bbox 643 2451 746 2514; x_wconf 84' lang='lat' dir='ltr'><strong>vincta</strong></span> <span class='ocrx_word' id='word_1_184' title='bbox 768 2472 885 2514; x_wconf 85' lang='lat' dir='ltr'><strong>comas.</strong></span> 
     </span>
     <span class='ocr_line' id='line_1_27' title="bbox 173 2527 1042 2622; baseline 0.002 -21"><span class='ocrx_word' id='word_1_185' title='bbox 173 2527 280 2602; x_wconf 76' lang='lat' dir='ltr'><strong>‘Parce</strong></span> <span class='ocrx_word' id='word_1_186' title='bbox 302 2539 409 2615; x_wconf 92' lang='lat' dir='ltr'><strong>oculis,</strong></span> <span class='ocrx_word' id='word_1_187' title='bbox 431 2540 558 2622; x_wconf 87' lang='lat' dir='ltr'><strong>hospes,</strong></span> <span class='ocrx_word' id='word_1_188' title='bbox 576 2539 711 2620; x_wconf 89' lang='lat' dir='ltr'><strong>lucoque</strong></span> <span class='ocrx_word' id='word_1_189' title='bbox 733 2537 865 2601; x_wconf 86' lang='lat' dir='ltr'><strong>abscede</strong></span> <span class='ocrx_word' id='word_1_190' title='bbox 890 2537 1042 2605; x_wconf 83' lang='lat' dir='ltr'><strong>verendo:</strong></span> 
     </span>
     <span class='ocr_line' id='line_1_28' title="bbox 219 2621 972 2708; baseline 0.003 -23"><span class='ocrx_word' id='word_1_191' title='bbox 219 2621 304 2686; x_wconf 84' lang='lat' dir='ltr'><strong>Cede</strong></span> <span class='ocrx_word' id='word_1_192' title='bbox 325 2622 470 2704; x_wconf 84' lang='lat' dir='ltr'><strong>agedum,</strong></span> <span class='ocrx_word' id='word_1_193' title='bbox 492 2634 524 2685; x_wconf 87' lang='lat' dir='ltr'><strong>ct</strong></span> <span class='ocrx_word' id='word_1_194' title='bbox 541 2634 607 2685; x_wconf 88' lang='lat' dir='ltr'><strong>tuta</strong></span> <span class='ocrx_word' id='word_1_195' title='bbox 629 2624 737 2686; x_wconf 89' lang='lat' dir='ltr'><strong>limina</strong></span> <span class='ocrx_word' id='word_1_196' title='bbox 759 2626 865 2708; x_wconf 86' lang='lat' dir='ltr'><strong>linque</strong></span> <span class='ocrx_word' id='word_1_197' title='bbox 886 2626 972 2707; x_wconf 83' lang='lat' dir='ltr'><strong>fuga.</strong></span> 
     </span>
     <span class='ocr_line' id='line_1_29' title="bbox 98 2705 862 2796; baseline -0.003 -24"><span class='ocrx_word' id='word_1_198' title='bbox 98 2744 100 2750; x_wconf 94' lang='lat'><em>·</em></span> <span class='ocrx_word' id='word_1_199' title='bbox 142 2730 168 2772; x_wconf 76' lang='lat' dir='ltr'><strong>aa</strong></span> <span class='ocrx_word' id='word_1_200' title='bbox 182 2705 351 2773; x_wconf 85' lang='lat' dir='ltr'><strong>Interdicta</strong></span> <span class='ocrx_word' id='word_1_201' title='bbox 372 2710 448 2772; x_wconf 86' lang='lat' dir='ltr'><strong>viris</strong></span> <span class='ocrx_word' id='word_1_202' title='bbox 471 2708 637 2772; x_wconf 89' lang='lat' dir='ltr'><strong>metuenda</strong></span> <span class='ocrx_word' id='word_1_203' title='bbox 659 2710 730 2790; x_wconf 85' lang='lat' dir='ltr'><strong>lege</strong></span> <span class='ocrx_word' id='word_1_204' title='bbox 750 2712 862 2796; x_wconf 89' lang='lat' dir='ltr'><strong>piatur,</strong></span> 
     </span>
     <span class='ocr_line' id='line_1_30' title="bbox 218 2791 921 2876; baseline -0.001 -19"><span class='ocrx_word' id='word_1_205' title='bbox 218 2791 310 2876; x_wconf 84' lang='lat' dir='ltr'><strong>Quae</strong></span> <span class='ocrx_word' id='word_1_206' title='bbox 331 2817 366 2858; x_wconf 90' lang='lat' dir='ltr'><strong>se</strong></span> <span class='ocrx_word' id='word_1_207' title='bbox 386 2807 544 2859; x_wconf 89' lang='lat' dir='ltr'><strong>summota</strong></span> <span class='ocrx_word' id='word_1_208' title='bbox 564 2794 703 2858; x_wconf 85' lang='lat' dir='ltr'><strong>vindicat</strong></span> <span class='ocrx_word' id='word_1_209' title='bbox 722 2816 775 2857; x_wconf 89' lang='lat' dir='ltr'><strong>ara</strong></span> <span class='ocrx_word' id='word_1_210' title='bbox 796 2816 877 2861; x_wconf 87' lang='lat' dir='ltr'><strong>casa.</strong></span> <span class='ocrx_word' id='word_1_211' title='bbox 918 2862 921 2869; x_wconf 54' lang='grc'>,</span> 
     </span>
     <span class='ocr_line' id='line_1_31' title="bbox 176 2877 860 2966; baseline 0.001 -23"><span class='ocrx_word' id='word_1_212' title='bbox 176 2877 294 2960; x_wconf 80' lang='lat' dir='ltr'><strong>Magno</strong></span> <span class='ocrx_word' id='word_1_213' title='bbox 315 2879 453 2945; x_wconf 85' lang='lat' dir='ltr'><strong>Tiresias</strong></span> <span class='ocrx_word' id='word_1_214' title='bbox 471 2882 594 2966; x_wconf 88' lang='lat' dir='ltr'><strong>aspexit</strong></span> <span class='ocrx_word' id='word_1_215' title='bbox 612 2880 739 2943; x_wconf 87' lang='lat' dir='ltr'><strong>Pallada</strong></span> <span class='ocrx_word' id='word_1_216' title='bbox 761 2892 860 2955; x_wconf 79' lang='lat' dir='ltr'><strong>vates,</strong></span> 
     </span>
     <span class='ocr_line' id='line_1_32' title="bbox 219 2964 992 3050; baseline 0.001 -22"><span class='ocrx_word' id='word_1_217' title='bbox 219 2966 324 3029; x_wconf 87' lang='lat' dir='ltr'><strong>Fortia</strong></span> <span class='ocrx_word' id='word_1_218' title='bbox 347 2967 424 3029; x_wconf 90' lang='lat' dir='ltr'><strong>dum</strong></span> <span class='ocrx_word' id='word_1_219' title='bbox 445 2969 547 3050; x_wconf 87' lang='lat' dir='ltr'><strong>posita</strong></span> <span class='ocrx_word' id='word_1_220' title='bbox 570 2964 716 3046; x_wconf 83' lang='lat' dir='ltr'><strong>Gorgone</strong></span> <span class='ocrx_word' id='word_1_221' title='bbox 737 2968 877 3028; x_wconf 86' lang='lat' dir='ltr'><strong>membra</strong></span> <span class='ocrx_word' id='word_1_222' title='bbox 898 2969 992 3029; x_wconf 74' lang='lat' dir='ltr'><strong>lavat</strong></span> 
     </span>
     <span class='ocr_line' id='line_1_33' title="bbox 179 3047 1022 3139; baseline 0.004 -28"><span class='ocrx_word' id='word_1_223' title='bbox 179 3047 221 3113; x_wconf 91' lang='lat' dir='ltr'><strong>Di</strong></span> <span class='ocrx_word' id='word_1_224' title='bbox 242 3052 299 3115; x_wconf 89' lang='lat' dir='ltr'><strong>tibi</strong></span> <span class='ocrx_word' id='word_1_225' title='bbox 320 3051 395 3115; x_wconf 90' lang='lat' dir='ltr'><strong>dent</strong></span> <span class='ocrx_word' id='word_1_226' title='bbox 417 3053 495 3114; x_wconf 88' lang='lat' dir='ltr'><strong>alios</strong></span> <span class='ocrx_word' id='word_1_227' title='bbox 516 3055 636 3114; x_wconf 84' lang='lat' dir='ltr'><strong>fontes:</strong></span> <span class='ocrx_word' id='word_1_228' title='bbox 658 3052 736 3112; x_wconf 88' lang='lat' dir='ltr'><strong>haec</strong></span> <span class='ocrx_word' id='word_1_229' title='bbox 759 3054 887 3137; x_wconf 88' lang='lat' dir='ltr'><strong>lympha</strong></span> <span class='ocrx_word' id='word_1_230' title='bbox 909 3051 1022 3139; x_wconf 83' lang='lat' dir='ltr'><strong>puellis</strong></span> 
     </span>
     <span class='ocr_line' id='line_1_34' title="bbox 141 3126 754 3203; baseline 0.007 -9"><span class='ocrx_word' id='word_1_231' title='bbox 141 3147 170 3194; x_wconf 77' lang='lat' dir='ltr'><strong>tu</strong></span> <span class='ocrx_word' id='word_1_232' title='bbox 223 3134 310 3199; x_wconf 86' lang='lat' dir='ltr'><strong>Avia</strong></span> <span class='ocrx_word' id='word_1_233' title='bbox 332 3139 441 3203; x_wconf 84' lang='lat' dir='ltr'><strong>secreti</strong></span> <span class='ocrx_word' id='word_1_234' title='bbox 461 3137 570 3199; x_wconf 89' lang='lat' dir='ltr'><strong>limitis</strong></span> <span class='ocrx_word' id='word_1_235' title='bbox 591 3157 652 3198; x_wconf 90' lang='lat' dir='ltr'><strong>una</strong></span> <span class='ocrx_word' id='word_1_236' title='bbox 675 3126 754 3198; x_wconf 69' lang='lat' dir='ltr'><strong>fuit?</strong></span> 
     </span>
     <span class='ocr_line' id='line_1_35' title="bbox 177 3217 1035 3308; baseline 0 -24"><span class='ocrx_word' id='word_1_237' title='bbox 177 3217 229 3284; x_wconf 87' lang='lat' dir='ltr'><strong>Sic</strong></span> <span class='ocrx_word' id='word_1_238' title='bbox 250 3243 349 3284; x_wconf 87' lang='lat' dir='ltr'><strong>anus:</strong></span> <span class='ocrx_word' id='word_1_239' title='bbox 370 3223 426 3305; x_wconf 88' lang='lat' dir='ltr'><strong>ille</strong></span> <span class='ocrx_word' id='word_1_240' title='bbox 446 3223 585 3285; x_wconf 90' lang='lat' dir='ltr'><strong>humeris</strong></span> <span class='ocrx_word' id='word_1_241' title='bbox 606 3235 714 3308; x_wconf 88' lang='lat' dir='ltr'><strong>postes</strong></span> <span class='ocrx_word' id='word_1_242' title='bbox 736 3220 889 3284; x_wconf 88' lang='lat' dir='ltr'><strong>concussit</strong></span> <span class='ocrx_word' id='word_1_243' title='bbox 910 3239 1035 3306; x_wconf 88' lang='lat' dir='ltr'><strong>opacos,</strong></span> 
     </span>
     <span class='ocr_line' id='line_1_36' title="bbox 221 3305 971 3370; baseline 0 -1"><span class='ocrx_word' id='word_1_244' title='bbox 221 3305 285 3369; x_wconf 89' lang='lat' dir='ltr'><strong>Nec</strong></span> <span class='ocrx_word' id='word_1_245' title='bbox 307 3309 377 3370; x_wconf 89' lang='lat' dir='ltr'><strong>tulit</strong></span> <span class='ocrx_word' id='word_1_246' title='bbox 396 3309 507 3370; x_wconf 85' lang='lat' dir='ltr'><strong>iratam</strong></span> <span class='ocrx_word' id='word_1_247' title='bbox 527 3309 619 3369; x_wconf 88' lang='lat' dir='ltr'><strong>ianua</strong></span> <span class='ocrx_word' id='word_1_248' title='bbox 640 3310 743 3370; x_wconf 87' lang='lat' dir='ltr'><strong>clausa</strong></span> <span class='ocrx_word' id='word_1_249' title='bbox 765 3308 861 3370; x_wconf 87' lang='lat' dir='ltr'><strong>sitim.</strong></span> <span class='ocrx_word' id='word_1_250' title='bbox 969 3328 971 3333; x_wconf 87' lang='grc'><em>·</em></span> 
     </span>
    </p>
   </div>
   <div class='ocr_carea' id='block_1_4' title="bbox 95 3465 1232 4037">
    <p class='ocr_par' dir='ltr' id='par_1_4' title="bbox 95 3465 1232 4037">
     <span class='ocr_line' id='line_1_37' title="bbox 165 3465 1081 3545; baseline -0.003 -18"><span class='ocrx_word' id='word_1_251' title='bbox 165 3473 200 3539; x_wconf 86' lang='grc'><strong>9,</strong></span> <span class='ocrx_word' id='word_1_252' title='bbox 223 3477 266 3530; x_wconf 81' lang='lat'><strong>31.</strong></span> <span class='ocrx_word' id='word_1_253' title='bbox 291 3485 422 3545; x_wconf 79' lang='lat' dir='ltr'><strong>congesta</strong></span> <span class='ocrx_word' id='word_1_254' title='bbox 439 3470 477 3527; x_wconf 89' lang='lat' dir='ltr'><strong>N.</strong></span> <span class='ocrx_word' id='word_1_255' title='bbox 582 3473 626 3528; x_wconf 71' lang='lat'><strong>32.</strong></span> <span class='ocrx_word' id='word_1_256' title='bbox 651 3475 720 3527; x_wconf 85' lang='lat' dir='ltr'><strong>iacet</strong></span> <span class='ocrx_word' id='word_1_257' title='bbox 738 3465 775 3532; x_wconf 78' lang='lat' dir='ltr'><strong>G,</strong></span> <span class='ocrx_word' id='word_1_258' title='bbox 879 3470 922 3526; x_wconf 80' lang='lat'><strong>53.</strong></span> <span class='ocrx_word' id='word_1_259' title='bbox 941 3469 1008 3527; x_wconf 85' lang='lat' dir='ltr'><strong>lucis</strong></span> <span class='ocrx_word' id='word_1_260' title='bbox 1028 3470 1081 3527; x_wconf 77' lang='lat' dir='ltr'><strong>Nr,</strong></span> 
     </span>
     <span class='ocr_line' id='line_1_38' title="bbox 96 3541 1147 3615; baseline -0.007 -16"><span class='ocrx_word' id='word_1_261' title='bbox 96 3549 140 3615; x_wconf 77' lang='grc'><strong>54.</strong></span> <span class='ocrx_word' id='word_1_262' title='bbox 158 3562 229 3598; x_wconf 80' lang='lat' dir='ltr'><strong>vanc</strong></span> <span class='ocrx_word' id='word_1_263' title='bbox 252 3545 296 3613; x_wconf 92' lang='lat' dir='ltr'><strong>N,</strong></span> <span class='ocrx_word' id='word_1_264' title='bbox 325 3557 414 3601; x_wconf 82' lang='lat' dir='ltr'><strong>vestra</strong></span> <span class='ocrx_word' id='word_1_265' title='bbox 440 3544 504 3610; x_wconf 81' lang='lat' dir='ltr'><strong>Gr,</strong></span> <span class='ocrx_word' id='word_1_266' title='bbox 530 3558 627 3613; x_wconf 81' lang='lat' dir='ltr'><strong>tesqua</strong></span> <span class='ocrx_word' id='word_1_267' title='bbox 646 3543 679 3599; x_wconf 87' lang='lat' dir='ltr'><strong>P.</strong></span> <span class='ocrx_word' id='word_1_268' title='bbox 785 3541 838 3595; x_wconf 88' lang='lat' dir='ltr'><strong>viis</strong></span> <span class='ocrx_word' id='word_1_269' title='bbox 857 3543 894 3598; x_wconf 89' lang='lat' dir='ltr'><strong>N.</strong></span> <span class='ocrx_word' id='word_1_270' title='bbox 997 3542 1042 3596; x_wconf 73' lang='lat'><strong>55.</strong></span> <span class='ocrx_word' id='word_1_271' title='bbox 1059 3557 1107 3594; x_wconf 84' lang='lat' dir='ltr'><strong>ero</strong></span> <span class='ocrx_word' id='word_1_272' title='bbox 1125 3561 1147 3598; x_wconf 83' lang='lat' dir='ltr'><strong>r.</strong></span> 
     </span>
     <span class='ocr_line' id='line_1_39' title="bbox 129 3609 1151 3686; baseline -0.006 -17"><span class='ocrx_word' id='word_1_273' title='bbox 129 3614 173 3670; x_wconf 77' lang='lat'><strong>36.</strong></span> <span class='ocrx_word' id='word_1_274' title='bbox 193 3627 324 3686; x_wconf 81' lang='lat' dir='ltr'><strong>succepto</strong></span> <span class='ocrx_word' id='word_1_275' title='bbox 343 3617 379 3673; x_wconf 89' lang='lat' dir='ltr'><strong>N.</strong></span> <span class='ocrx_word' id='word_1_276' title='bbox 448 3613 563 3667; x_wconf 83' lang='lat' dir='ltr'><strong>flumina</strong></span> <span class='ocrx_word' id='word_1_277' title='bbox 579 3634 601 3668; x_wconf 79' lang='lat' dir='ltr'><strong>r.</strong></span> <span class='ocrx_word' id='word_1_278' title='bbox 677 3616 720 3676; x_wconf 78' lang='lat'><strong>5⁷·</strong></span> <span class='ocrx_word' id='word_1_279' title='bbox 737 3610 869 3666; x_wconf 85' lang='lat' dir='ltr'><strong>substulit</strong></span> <span class='ocrx_word' id='word_1_280' title='bbox 889 3613 929 3668; x_wconf 80' lang='lat' dir='ltr'><strong>G.</strong></span> <span class='ocrx_word' id='word_1_281' title='bbox 997 3613 1041 3665; x_wconf 81' lang='lat'><strong>38.</strong></span> <span class='ocrx_word' id='word_1_282' title='bbox 1060 3609 1151 3667; x_wconf 66' lang='lat' dir='ltr'><strong>alcide</strong></span> 
     </span>
     <span class='ocr_line' id='line_1_40' title="bbox 97 3681 1150 3754; baseline -0.002 -18"><span class='ocrx_word' id='word_1_283' title='bbox 97 3683 137 3751; x_wconf 90' lang='lat' dir='ltr'><strong>N,</strong></span> <span class='ocrx_word' id='word_1_284' title='bbox 155 3685 270 3738; x_wconf 80' lang='lat' dir='ltr'><strong>alcidem</strong></span> <span class='ocrx_word' id='word_1_285' title='bbox 290 3685 358 3742; x_wconf 81' lang='lat' dir='ltr'><strong>GR.</strong></span> <span class='ocrx_word' id='word_1_286' title='bbox 433 3693 562 3754; x_wconf 77' lang='lat' dir='ltr'><strong>suscepta</strong></span> <span class='ocrx_word' id='word_1_287' title='bbox 579 3682 617 3736; x_wconf 88' lang='lat' dir='ltr'><strong>N.</strong></span> <span class='ocrx_word' id='word_1_288' title='bbox 692 3683 866 3749; x_wconf 73' lang='lat' dir='ltr'><strong>40.&#39;aduatas</strong></span> <span class='ocrx_word' id='word_1_289' title='bbox 884 3687 923 3737; x_wconf 86' lang='lat' dir='ltr'><strong>N.</strong></span> <span class='ocrx_word' id='word_1_290' title='bbox 992 3683 1037 3736; x_wconf 83' lang='lat'><strong>41.</strong></span> <span class='ocrx_word' id='word_1_291' title='bbox 1055 3681 1150 3736; x_wconf 85' lang='lat' dir='ltr'><strong>homi·</strong></span> 
     </span>
     <span class='ocr_line' id='line_1_41' title="bbox 96 3746 1077 3825; baseline 0 -19"><span class='ocrx_word' id='word_1_292' title='bbox 96 3773 164 3807; x_wconf 89' lang='lat' dir='ltr'><strong>num</strong></span> <span class='ocrx_word' id='word_1_293' title='bbox 183 3753 220 3813; x_wconf 83' lang='lat' dir='ltr'><strong>Il.</strong></span> <span class='ocrx_word' id='word_1_294' title='bbox 323 3759 368 3811; x_wconf 78' lang='lat'><strong>42.</strong></span> <span class='ocrx_word' id='word_1_295' title='bbox 394 3754 503 3825; x_wconf 76' lang='lat' dir='ltr'><strong>Accipit</strong></span> <span class='ocrx_word' id='word_1_296' title='bbox 523 3752 581 3814; x_wconf 89' lang='lat' dir='ltr'><strong>Nr,</strong></span> <span class='ocrx_word' id='word_1_297' title='bbox 606 3752 643 3806; x_wconf 78' lang='lat' dir='ltr'><strong>At</strong></span> <span class='ocrx_word' id='word_1_298' title='bbox 669 3760 734 3822; x_wconf 91' lang='lat' dir='ltr'><strong>post</strong></span> <span class='ocrx_word' id='word_1_299' title='bbox 753 3750 786 3808; x_wconf 88' lang='lat' dir='ltr'><strong>P.</strong></span> <span class='ocrx_word' id='word_1_300' title='bbox 891 3746 969 3818; x_wconf 85' lang='lat' dir='ltr'><strong>baec]</strong></span> <span class='ocrx_word' id='word_1_301' title='bbox 994 3766 1021 3806; x_wconf 82' lang='lat' dir='ltr'><strong>et</strong></span> <span class='ocrx_word' id='word_1_302' title='bbox 1039 3756 1077 3806; x_wconf 83' lang='lat' dir='ltr'><strong>N.</strong></span> 
     </span>
     <span class='ocr_line' id='line_1_42' title="bbox 95 3818 1149 3892; baseline 0 -16"><span class='ocrx_word' id='word_1_303' title='bbox 95 3827 140 3881; x_wconf 69' lang='lat' dir='ltr'><strong>ta.</strong></span> <span class='ocrx_word' id='word_1_304' title='bbox 157 3822 240 3892; x_wconf 90' lang='lat' dir='ltr'><strong>Quod</strong></span> <span class='ocrx_word' id='word_1_305' title='bbox 260 3823 357 3880; x_wconf 84' lang='lat' dir='ltr'><strong><em>GNR.</em></strong></span> <span class='ocrx_word' id='word_1_306' title='bbox 427 3825 472 3892; x_wconf 75' lang='grc'><strong>45.</strong></span> <span class='ocrx_word' id='word_1_307' title='bbox 490 3821 609 3892; x_wconf 81' lang='lat' dir='ltr'><strong>aliquem</strong></span> <span class='ocrx_word' id='word_1_308' title='bbox 629 3818 680 3877; x_wconf 76' lang='lat' dir='ltr'><strong>Nr,</strong></span> <span class='ocrx_word' id='word_1_309' title='bbox 732 3834 873 3891; x_wconf 79' lang='lat' dir='ltr'><strong>sectaeque</strong></span> <span class='ocrx_word' id='word_1_310' title='bbox 892 3821 929 3877; x_wconf 83' lang='lat' dir='ltr'><strong>G.</strong></span> <span class='ocrx_word' id='word_1_311' title='bbox 997 3831 1149 3891; x_wconf 57' lang='lat' dir='ltr'><strong>apsymo-</strong></span> 
     </span>
     <span class='ocr_line' id='line_1_43' title="bbox 97 3891 1232 3967; baseline -0.003 -18"><span class='ocrx_word' id='word_1_312' title='bbox 97 3899 142 3950; x_wconf 88' lang='lat' dir='ltr'><strong>ula</strong></span> <span class='ocrx_word' id='word_1_313' title='bbox 162 3893 198 3952; x_wconf 87' lang='lat' dir='ltr'><strong>N.</strong></span> <span class='ocrx_word' id='word_1_314' title='bbox 266 3893 392 3967; x_wconf 83' lang='lat' dir='ltr'><strong>48·lyda</strong></span> <span class='ocrx_word' id='word_1_315' title='bbox 412 3893 444 3947; x_wconf 89' lang='lat' dir='ltr'><strong>P.</strong></span> <span class='ocrx_word' id='word_1_316' title='bbox 518 3892 652 3946; x_wconf 70' lang='lat' dir='ltr'><strong>coluN?</strong></span> <span class='ocrx_word' id='word_1_317' title='bbox 720 3891 764 3944; x_wconf 79' lang='lat'><strong>51.</strong></span> <span class='ocrx_word' id='word_1_318' title='bbox 782 3902 809 3944; x_wconf 83' lang='lat' dir='ltr'><strong>ct</strong></span> <span class='ocrx_word' id='word_1_319' title='bbox 828 3891 866 3945; x_wconf 81' lang='lat'><strong>0.</strong></span> <span class='ocrx_word' id='word_1_320' title='bbox 935 3892 1150 3946; x_wconf 69' lang='lat' dir='ltr'><strong>astruerunt.</strong></span> <span class='ocrx_word' id='word_1_321' title='bbox 1229 3929 1232 3933; x_wconf 64' lang='lat'><strong><em>‹</em></strong></span> 
     </span>
     <span class='ocr_line' id='line_1_44' title="bbox 129 3956 1097 4037; baseline -0.012 -17"><span class='ocrx_word' id='word_1_322' title='bbox 129 3967 171 4020; x_wconf 70' lang='lat'><strong>56,</strong></span> <span class='ocrx_word' id='word_1_323' title='bbox 192 3967 255 4037; x_wconf 78' lang='lat' dir='ltr'><strong>Qua</strong></span> <span class='ocrx_word' id='word_1_324' title='bbox 273 3964 311 4018; x_wconf 82' lang='lat' dir='ltr'><strong>R.</strong></span> <span class='ocrx_word' id='word_1_325' title='bbox 381 3963 494 4019; x_wconf 83' lang='lat' dir='ltr'><strong>undicat</strong></span> <span class='ocrx_word' id='word_1_326' title='bbox 512 3966 549 4016; x_wconf 88' lang='grc' dir='ltr'><strong>Ν.</strong></span> <span class='ocrx_word' id='word_1_327' title='bbox 619 3963 662 4029; x_wconf 79' lang='lat'><strong>57.</strong></span> <span class='ocrx_word' id='word_1_328' title='bbox 680 3959 784 4030; x_wconf 75' lang='lat' dir='ltr'><strong>Magna</strong></span> <span class='ocrx_word' id='word_1_329' title='bbox 800 3983 826 4023; x_wconf 79' lang='lat' dir='ltr'><strong>r,</strong></span> <span class='ocrx_word' id='word_1_330' title='bbox 841 3963 979 4028; x_wconf 61' lang='lat' dir='ltr'><strong>Magnam</strong></span> <span class='ocrx_word' id='word_1_331' title='bbox 993 3956 1097 4010; x_wconf 53' lang='grc' dir='ltr'><strong>(ΞΜ.</strong></span> 
     </span>
    </p>
   </div>
   <div class='ocr_carea' id='block_1_5' title="bbox 0 0 1257 4358">
    <p class='ocr_par' dir='ltr' id='par_1_5' title="bbox 0 0 1257 4358">
     <span class='ocr_line' id='line_1_45' title="bbox 0 0 1257 4358; baseline 0 0"><span class='ocrx_word' id='word_1_332' title='bbox 0 0 1257 4358; x_wconf 95' lang='lat' dir='ltr'><strong> </strong></span> 
     </span>
    </p>
   </div>
  </div>
 </body>
</html>
