2490 4358
86 167 155 241 72,
334 163 586 239 aserenan
606 114 706 240 nra.
742 168 805 242 1v.
832 169 927 262 (111.)
954 185 988 262 7·

136 368 160 412 rs
176 347 308 416 Reddite
330 370 439 434 corpus
460 349 568 428 humo,
590 350 753 434 positaque
775 352 809 413 in
829 353 951 435 gorgite
971 356 1038 420 rita

213 435 343 499 Paetum
363 447 474 520 sponte
494 448 557 511 tua,
578 434 652 496 vilis
675 455 776 515 arena,
798 446 904 515 tegasr

175 521 215 583 Et
235 519 378 601 quotiens
398 519 486 582 Paeti
506 519 647 583 transibit
667 531 760 581 nauta
782 522 969 605 sepulcrum,

102 627 128 673 φ
216 602 305 665 Dicat
322 597 367 665 ‘et
387 603 497 666 audaci
516 617 550 667 tu
571 605 666 667 timor
686 624 755 667 esse
776 596 887 691 potes?
984 646 988 654 ι

175 688 233 762 Ite,
257 699 337 751 rates
358 709 466 751 curvas
486 698 518 752 et
536 689 593 753 teti
612 689 710 751 texite
731 709 878 754 causarer

141 790 168 831 ω
219 770 284 837 Ista
304 792 359 858 per
377 775 529 837 humanas
549 793 634 838 mors
655 774 742 837 'venit
762 785 828 836 acta
848 795 970 840 marrus.

178 858 272 922 Terra
292 868 404 943 parurn
423 862 527 923 suerat
544 852 634 922 satist
657 857 825 922 adiecimus
847 861 955 941 undas,

222 943 376 1006 Fortunae
394 944 526 1008 miseras
546 944 693 1007 auximus
712 955 776 1018 arte
802 944 882 1008 uias.

127 1088 131 1099 ,
181 1027 304 1093 Ancora
325 1038 357 1091 te
377 1038 490 1104 teneat,
510 1048 604 1113 quern
625 1050 690 1091 non
710 1039 837 1092 tenuere
857 1028 1013 1094 Penates?

22 1176 25 1183 ,
77 1129 80 1133 ’
222 1111 308 1190 Ouid
327 1109 474 1176 meritum
494 1111 587 1192 dicas,
610 1115 735 1177 cuisua
753 1126 835 1177 terra
856 1135 966 1197 parum
986 1114 1057 1179 est?

148 1222 174 1263 sa
186 1199 361 1262 Ventorum
380 1210 438 1278 est,
460 1196 676 1284 quodcumque
695 1211 802 1285 paras:
823 1199 908 1265 haud
928 1201 991 1265 ulla
1012 1201 1112 1269 carita

111 1270 115 1289 ¹
223 1280 402 1360 Consenuit‚
424 1283 502 1346 tellit
521 1294 629 1369 portus
649 1285 768 1370 etipse
788 1283 894 1347 fldem.
958 1357 961 1365 ,

180 1366 295 1431 Natura
315 1367 464 1431 insidians
484 1379 615 1454 pontum
632 1368 799 1431 substravit
820 1369 939 1434 avaris:

221 1451 262 1515 Ut
280 1451 338 1514 tibi
358 1452 509 1532 succedat,
530 1453 588 1516 rix
607 1454 705 1517 semel
725 1473 795 1516 esse
817 1465 928 1539 potest.

183 1536 267 1599 Saxa
286 1537 489 1624 triumphales
509 1539 626 1618 fregere
648 1534 693 1602 Ga
715 1539 807 1601 harea
829 1560 962 1626 puppes,
1035 1586 1038 1592 «

143 1637 170 1679 io
223 1620 376 1702 Naufragii
396 1643 467 1686 cum
488 1633 577 1686 vasto
598 1558 728 1685 Graecia
748 1635 843 1685 tracta
864 1628 932 1686 sato
952 1639 1009 1693 est.
1037 1618 1044 1625 ’
1085 1630 1104 1706 J

183 1706 348 1773 Paullatim
368 1709 487 1772 socium
505 1708 655 1775 ¹iacturam
674 1706 761 1770 flevit
781 1707 902 1790 Ulixes,
964 1788 967 1793 .

225 1788 264 1854 111
284 1813 372 1855 mare
394 1793 443 1856 coi
464 1792 524 1856 soli
544 1814 608 1858 uon
629 1793 755 1856 valuere
776 1788 852 1855 doti.
1022 1871 1030 1881 .

185 1872 280 1954 Quod
301 1877 329 1939 si
350 1888 509 1941 contentus
531 1878 632 1962 patrio
654 1874 736 1940 bore
757 1888 891 1941 verteret
911 1897 1011 1959 agros,
1081 1931 1084 1935 .

157 1962 161 1976 '
222 1959 389 2045 Verbaque
412 1962 552 2043 duxisset
570 1962 693 2046 pondus
715 1963 829 2025 habere
850 1982 929 2041 mea,
1053 2039 1057 2046 ³

99 2045 105 2057 '
147 2052 174 2092 ‘⁵
188 2041 319 2107 Viveret
340 2057 411 2111 oute
434 2067 507 2108 suos
529 2045 627 2109 dulcis
649 2048 782 2110 conviva
802 2047 943 2126 Penates,

224 2129 353 2215 Pauper,
375 2143 407 2192 at
425 2132 457 2193 in
479 2142 569 2211 terra,
592 2131 639 2197 nil
658 2133 712 2198 ubi
731 2133 806 2197 flere
828 2142 940 2220 potest.

182 2213 256 2279 Non
275 2216 345 2277 tulit
365 2216 415 2279 hic
437 2215 549 2281 Paetus
571 2215 736 2281 stridorem
756 2217 862 2280 audire
883 2215 1033 2305 procellae

195 2326 198 2330 ⁴
223 2299 263 2362 Et
284 2304 360 2363 duro
382 2313 503 2366 teneras
523 2303 646 2367 laedere
665 2305 740 2370 sune
760 2324 882 2382 manus,
916 2326 919 2335 ·

184 2383 247 2448 Sed
267 2382 346 2451 Chio
367 2380 505 2452 thalarno
527 2400 581 2451 aut
602 2388 707 2452 Oricia
728 2389 902 2451 terebintho
1014 2404 1016 2411 ’
1112 2406 1116 2413 ·

148 2473 176 2514 ⁶⁰
227 2469 267 2531 Et
287 2473 401 2535 fultum
422 2476 529 2559 pluma
550 2474 735 2537 versicolore
756 2483 856 2558 caput.

183 2555 265 2622 Huic
285 2557 395 2625 fluctus
414 2559 490 2623 vivo
509 2558 655 2622 'radicitus
677 2558 803 2621 abstulit
824 2577 953 2637 ungues,

224 2637 265 2698 Et
285 2641 381 2704 miser
400 2641 536 2705 invisam
556 2642 650 2703 traxit
671 2642 776 2705 hiatus
797 2661 928 2725 aquamr

184 2723 275 2786 Hunc
296 2742 393 2807 parvo
413 2725 486 2786 ferri
506 2723 585 2784 vidit
604 2744 671 2785 nox
690 2724 831 2810 improba
851 2724 947 2801 ligno.

227 2803 340 2867 Paetus
362 2818 396 2867 ut
417 2805 576 2885 occideret,
598 2815 644 2871 tot
665 2808 764 2869 coiere
784 2807 877 2870 mala.

149 2897 175 2938 ⁸⁶
187 2887 279 2953 Flens
300 2900 406 2955 tamen
426 2891 575 2955 extremis
597 2891 682 2956 dedit
701 2894 778 2957 haec
798 2890 943 2954 mandata
964 2895 1109 2974 querelis,

225 2970 304 3040 Cum
326 2977 510 3042 moribunda
529 2979 616 3058 niger
634 2977 788 3044 clauderet
808 2977 992 3059 orarliquor.

181 3053 235 3125 ‘Di
254 3063 349 3128 maris
370 3063 493 3143 Aegaei
514 3085 592 3149 quos
613 3077 685 3128 sunt
704 3084 801 3152 penes
822 3080 966 3147 aequora,
987 3064 1088 3143 venti,

222 3144 262 3210 Et
283 3168 496 3235 quaecumque
517 3171 624 3212 meum
647 3149 793 3228 degravat
812 3146 895 3211 unda
916 3156 1014 3231 capnt,

183 3228 256 3310 Quo
276 3234 382 3320 rapitis
400 3237 530 3315 miseros
550 3235 668 3324 primae
688 3234 842 3315 lanuginis
864 3229 988 3297 annos?

171 3479 196 3544 l,
214 3481 257 3536 25.
294 3478 362 3532 osita
382 3483 468 3535 estin
487 3489 524 3539 N.
614 3499 657 3551 sp.
677 3483 722 3534 Ire
740 3485 779 3535 N.
865 3496 963 3535 curvae
981 3477 1077 3536 ΘΝΕ.
1145 3528 1149 3545 ,

102 3545 184 3607 letius
213 3547 252 3616 G,
274 3497 341 3602 loeti
365 3567 476 3621 quoque
493 3551 531 3605 tt.
632 3553 713 3605 terite
729 3548 768 3606 N.
868 3554 912 3608 33.
929 3549 1058 3604 Ancbora
1078 3549 1165 3613 Gn.-

135 3617 178 3683 34.
206 3619 271 3693 qool
291 3617 330 3674 G·
434 3627 477 3690 57.
501 3619 616 3676 insidias
634 3619 672 3679 G.
773 3635 816 3690 59.
834 3621 982 3690 carpharea
998 3635 1085 3688 pupes
1107 3627 1147 3677 N.

3 3722 6 3727 ,
136 3690 179 3739 dt.
198 3686 281 3745 tebet
299 3687 402 3763 ulysses
422 3688 459 3746 R.
544 3693 587 3749 42.
606 3707 669 3743 cum
691 3689 727 3743 G.
813 3690 857 3743 46.
874 3700 900 3742 et
919 3690 956 3748 G.
1042 3687 1148 3747 intem

101 3754 141 3814 nil
156 3753 209 3807 tu'ri
226 3754 263 3812 R.
341 3766 384 3824 47.
402 3756 468 3812 haec
486 3757 523 3817 N.
609 3760 653 3825 49.
671 3758 723 3811 Sed
741 3755 813 3814 thiae
829 3759 859 3812 ln
877 3758 908 3814 P.
983 3756 1089 3811 calamo
1107 3758 1161 3825 6...

137 3823 224 3901 otytie
243 3822 281 3896 G,
299 3826 408 3903 orythia
426 3827 492 3885 ΝΗ.
561 3830 604 3887 50.
623 3824 742 3885 Effultus
760 3826 792 3888 P.
860 3825 905 3887 52.
923 3827 953 3881 in
971 3827 1056 3883 sisar·
1075 3830 1112 3887 N·
1124 3856 1134 3907 ·j
1155 3836 1162 3883 .“
