2490 4358
136 184 182 255 ιο
369 167 624 274 raoraaun
648 186 742 260 mu.
768 186 796 259 1.
824 199 859 279 9.
888 202 944 260 10.

211 367 286 435 Plus
304 369 339 433 in
360 388 466 433 amma
485 371 570 434 valet
589 369 770 435 Mirunermi
790 392 898 438 versus
918 362 1076 439 Homero:

255 454 397 520 Carmina
417 467 598 519 mansuetus
619 457 703 519 lenia
724 457 843 539 quaerit
862 458 975 527 Amor.
1085 474 1088 480 '

210 543 363 622 Iquaesu
384 551 415 605 et
435 541 529 604 tristis
549 543 626 604 istos
649 562 800 627 compone
819 543 953 621 libellos,

250 626 290 691 Et
311 648 386 690 cane
406 626 490 711 quod
511 628 640 709 quaevis
661 646 755 691 nosse
774 628 879 713 puella
899 630 987 691 velit,

177 711 301 794 ¹⁵Quid
324 714 351 775 si
371 734 434 773 non
457 723 539 774 esset
561 713 659 774 facilia
679 712 737 775 tibi
758 711 868 797 copia?
889 734 970 775 nunc
991 727 1026 778 tu

253 797 386 860 Insanus
406 796 513 859 medio
533 798 664 860 flumine
686 799 808 882 quaeris
829 818 953 881 aquam.

209 881 352 948 Necdum
372 883 467 946 etiam
488 885 595 968 palles,
616 904 692 946 vero
714 904 771 945 nec
791 885 926 964 tangeris
946 884 1030 967 igni:

252 968 338 1033 Haec
354 966 406 1033 'est
426 970 549 1032 venturi
569 968 669 1054 prima
690 969 797 1032 favilla
817 970 903 1030 mali.

209 1049 295 1116 Turn
316 1055 416 1135 magia
436 1054 604 1118 Armenias
625 1056 730 1140 cupies
754 1054 898 1117 accedere
918 1053 1012 1135 tigres

174 1151 211 1209 ²⁰,
254 1138 295 1200 Et
314 1141 414 1220 magis
433 1141 571 1202 infernae
591 1141 714 1203 vincula
735 1161 829 1202 nosse
848 1150 945 1214 rotae,

209 1222 314 1305 Quam
357 1225 424 1289 ueri
442 1227 557 1289 totiens
577 1246 681 1288 arcum
702 1226 816 1289 sentire
836 1223 984 1288 medullis
1005 1262 1008 1268 ,

249 1308 290 1372 Et
334 1314 341 1327 '
368 1311 376 1327 ⁶
409 1311 505 1373 iratae
525 1332 619 1396 posse
640 1332 754 1390 negare
770 1321 853 1373 tuae.

205 1391 318 1460 Nullus
339 1398 441 1458 Amor
462 1396 607 1481 cuiquam
627 1397 725 1459 facilis
744 1397 788 1458 ira
808 1396 950 1481 praebuit
968 1397 1043 1475 alas,

247 1478 289 1545 Ut
308 1504 373 1544 non
393 1484 509 1545 alterna
530 1484 678 1568 presserit
695 1483 750 1544 ille
770 1502 878 1544 manu.

171 1565 274 1632 ssNec
296 1579 327 1629 te
348 1568 489 1654 decipiat,
501 1569 597 1652 'quod
617 1570 658 1633 sit
678 1568 753 1631 satis
772 1568 826 1629 illa
847 1577 968 1653 parata:

134 1670 141 1681 ·
246 1654 359 1717 Acrius
378 1654 433 1718 illa
454 1656 546 1732 subit,
568 1654 706 1733 Pontice,
730 1654 758 1716 si
779 1673 840 1739 qua
860 1664 914 1714 tua
936 1664 999 1728 est;

207 1734 273 1818 Qui
293 1760 333 1824 pe
354 1741 409 1802 ubi
428 1762 494 1802 non
512 1741 604 1803 liceat
624 1760 740 1802 vacuos
762 1738 910 1802 seducere
931 1739 1057 1814 ocellos,

277 1845 312 1885 ec
332 1824 462 1903 vigilare
484 1826 545 1886 alio
566 1827 695 1887 nomine
718 1823 805 1887 cedat
819 1823 931 1900 Amor,
1048 1826 1052 1837 '

206 1906 271 1989 Qui
292 1930 355 1971 non
377 1920 449 1971 ante
468 1906 561 1996 patet,
583 1908 681 1972 donec
702 1929 814 1970 manus
833 1907 933 1985 attigit
955 1926 1034 1969 ossa.

170 2010 199 2051 ³⁰
250 1990 401 2081 Quisquis
423 2016 467 2074 es,
490 1994 630 2059 assiduas
647 1996 688 2056 ah
707 1996 782 2073 fuge
803 1990 977 2055 blanditias.
1053 1994 1056 1999 ’

204 2077 272 2143 Illis
292 2091 323 2143 et
344 2079 445 2144 silices
466 2092 597 2165 possunt
618 2091 650 2142 et
671 2076 780 2163 cedere
801 2096 949 2163 quercus3

243 2162 370 2229 Nedum
390 2175 424 2227 tn
445 2167 556 2251 possis,
577 2166 701 2252 spiritus
721 2165 781 2226 iste
800 2162 892 2226 levis.

204 2248 320 2331 Quare,
341 2251 369 2314 si
388 2251 489 2338 pudor
509 2262 567 2328 est,
588 2250 840 2337 quamprimum
860 2256 959 2311 errata
976 2244 1089 2307 fatere:

243 2332 365 2419 Dicere,
387 2358 450 2422 quo
469 2358 588 2426 pereas,
608 2356 701 2427 saepe
722 2336 757 2399 in
775 2354 882 2399 amore
901 2335 996 2398 levat.

138 2500 261 2641 ,100
284 2556 418 2621 iocunda
439 2557 538 2640 quies,
560 2558 662 2640 primo
685 2578 755 2617 cum
776 2554 864 2618 testis
885 2551 985 2613 amori

133 2656 142 2665 ““
242 2640 420 2706 Adsuetum
438 2643 553 2705 vestris
573 2642 714 2703 conscius
734 2641 768 2701 in
789 2637 941 2700 lacrimis!

203 2728 235 2795 Ο
255 2739 379 2790 noctem
399 2726 583 2790 meminisse
601 2726 682 2787 mihi
702 2722 835 2785 iocunda
854 2723 1010 2805 voluptas,

222 2812 277 2877 Ι0
299 2813 444 2897 quotiens
463 2811 549 2876 votis
568 2811 621 2873 illa
643 2808 782 2872 vocanda
803 2806 895 2885 meis,

179 2899 286 2967 ⁶(ium
306 2911 339 2963 te
360 2900 527 2983 complexe
547 2897 744 2974 morientem,
768 2889 868 2971 Galle,
889 2890 993 2976 puella

245 2983 396 3049 Vidimus
415 2995 448 3048 et
466 2982 561 3064 longa
582 2983 694 3045 ducere
713 2980 812 3044 verba
830 2977 935 3041 mora!

143 3072 146 3077 ’
202 3071 358 3156 Quamvis
376 3069 510 3135 labentis
531 3081 686 3154 premeret
705 3067 787 3130 mihi
806 3083 937 3129 somnus
958 3061 1072 3124 ocellos

243 3156 285 3221 Ec
303 3155 418 3220 mediis
438 3155 524 3219 caelo
545 3153 638 3218 Luna
657 3157 781 3217 ruberet
800 3153 898 3234 equis,

201 3242 273 3308 Non
293 3253 401 3307 tamen
421 3263 440 3305 a
459 3250 564 3303 vestro
584 3242 674 3326 potui
694 3237 838 3303 secedere
858 3238 944 3298 lusu:

165 3341 194 3383 1⁰
245 3327 365 3393 Tantus
384 3328 417 3390 in
438 3327 564 3390 alteruis
585 3327 715 3391 vocibus
735 3321 827 3387 ardor
846 3332 921 3384 erat.

64 3504 67 3509 “
185 3495 214 3564 9,
232 3511 273 3550 ιι.
291 3493 440 3549 minnermi
450 3494 488 3556 N,
505 3495 646 3548 nnmerini
663 3515 686 3549 r.
737 3450 806 3547 horis
816 3487 856 3559 G,
874 3482 983 3540 humeri
996 3502 1020 3534 r.
1072 3492 1113 3529 ια.
1130 3471 1168 3526 le-

42 3591 43 3595 *
117 3615 162 3672 νὴ
175 3614 214 3670 Ν.
266 3615 308 3673 1³.
325 3613 430 3669 irisieis
448 3613 482 3674 P.
534 3617 576 3674 16.
592 3574 748 3670 imanisN.
802 3629 844 3682 ¹7·
860 3608 924 3678 ign
936 3603 975 3662 G.
1024 3601 1068 3655 23.
1087 3595 1169 3666 quoi·

117 3718 204 3777 quam
220 3699 261 3784 R:
310 3701 402 3757 iatiiss
414 3698 452 3756 N.
488 3710 533 3770 2²7.
549 3686 685 3757 deducere
692 3699 731 3755 G.
781 3705 824 3756 28·
841 3693 949 3750 amori.
959 3690 998 3744 N.
1049 3703 1094 3769 sq.
1110 3701 1168 3737 ma·

118 3774 276 3842 nuel-enus
286 3770 324 3827 G.
376 3776 421 3829 5⁰.
437 3773 537 3841 aufuge
549 3768 647 3828 GNR.
701 3770 744 3825 δι.
763 3754 1167 3851 sapossuntR‚etposs1ntN.

152 3844 195 3901 32.
213 3839 354 3897 Necdum
370 3863 393 3896 r.
461 3842 520 3915 ipse
537 3841 571 3899 Ρ.
640 3844 682 3900 53.
703 3837 784 3894 fateri
798 3858 822 3890 r.
1094 3896 1101 3911 ·
1232 3892 1236 3905 Ι

187 3912 238 4036 10,Ι
240 3911 282 4038 g„
284 3911 400 3996 iungam
416 3928 446 3971 sc
460 3922 570 3971 moran
589 3908 638 3970 or.
713 3924 740 3982 7.
758 3906 880 3964 labentes
899 3895 1116 3966 Gu,··uuenrm
1133 3894 1165 3954 Ρ.

155 3998 229 4044 we!
282 3999 325 4038 lu}
341 4003 365 4039 re
