<?xml version="1.0" encoding="UTF-8"?>
<!DOCTYPE html PUBLIC "-//W3C//DTD XHTML 1.0 Transitional//EN"
    "http://www.w3.org/TR/xhtml1/DTD/xhtml1-transitional.dtd">
<html xmlns="http://www.w3.org/1999/xhtml" xml:lang="en" lang="en">
 <head>
  <title>
</title>
<meta http-equiv="Content-Type" content="text/html;charset=utf-8" />
  <meta name='ocr-system' content='tesseract 3.04.00' />
  <meta name='ocr-capabilities' content='ocr_page ocr_carea ocr_par ocr_line ocrx_word'/>
</head>
<body>
  <div class='ocr_page' id='page_1' title='image "./sexaureliiprope00propgoog_0073.png"; bbox 0 0 2490 4358; ppageno 0'>
   <div class='ocr_carea' id='block_1_1' title="bbox 94 230 966 330">
    <p class='ocr_par' dir='ltr' id='par_1_1' title="bbox 94 230 966 330">
     <span class='ocr_line' id='line_1_1' title="bbox 94 230 966 330; baseline -0.003 -19"><span class='ocrx_word' id='word_1_1' title='bbox 94 236 161 311; x_wconf 42' lang='lat' dir='ltr'>(tsw</span> <span class='ocrx_word' id='word_1_2' title='bbox 246 231 517 309; x_wconf 78' lang='lat' dir='ltr'>marnam</span> <span class='ocrx_word' id='word_1_3' title='bbox 541 230 634 306; x_wconf 79' lang='lat' dir='ltr'>nra.</span> <span class='ocrx_word' id='word_1_4' title='bbox 660 233 724 319; x_wconf 75' lang='lat' dir='ltr'>tv,</span> <span class='ocrx_word' id='word_1_5' title='bbox 750 234 906 330; x_wconf 62' lang='lat' dir='ltr'>rutra.</span> <span class='ocrx_word' id='word_1_6' title='bbox 930 230 966 309; x_wconf 76' lang='lat'>5.</span> 
     </span>
    </p>
   </div>
   <div class='ocr_carea' id='block_1_2' title="bbox 62 417 1103 2110">
    <p class='ocr_par' dir='ltr' id='par_1_2' title="bbox 62 417 1103 2110">
     <span class='ocr_line' id='line_1_2' title="bbox 180 417 1085 506; baseline 0.003 -24"><span class='ocrx_word' id='word_1_7' title='bbox 180 418 300 497; x_wconf 72' lang='lat' dir='ltr'>Magna,</span> <span class='ocrx_word' id='word_1_8' title='bbox 322 418 391 495; x_wconf 87' lang='lat' dir='ltr'>viri,</span> <span class='ocrx_word' id='word_1_9' title='bbox 412 429 645 501; x_wconf 41' lang='lat' dir='ltr'>mercesrparat</span> <span class='ocrx_word' id='word_1_10' title='bbox 664 417 771 479; x_wconf 88' lang='lat' dir='ltr'>ultima</span> <span class='ocrx_word' id='word_1_11' title='bbox 792 429 870 480; x_wconf 90' lang='lat' dir='ltr'>terra</span> <span class='ocrx_word' id='word_1_12' title='bbox 890 418 1085 506; x_wconf 85' lang='lat' dir='ltr'>triumphos:</span> 
     </span>
     <span class='ocr_line' id='line_1_3' title="bbox 218 500 927 586; baseline 0.004 -23"><span class='ocrx_word' id='word_1_13' title='bbox 218 503 318 582; x_wconf 83' lang='lat' dir='ltr'>Tigris</span> <span class='ocrx_word' id='word_1_14' title='bbox 339 514 369 564; x_wconf 84' lang='lat' dir='ltr'>et</span> <span class='ocrx_word' id='word_1_15' title='bbox 389 500 560 586; x_wconf 79' lang='lat' dir='ltr'><strong>Euphrates</strong></span> <span class='ocrx_word' id='word_1_16' title='bbox 580 504 638 565; x_wconf 90' lang='lat' dir='ltr'>sub</span> <span class='ocrx_word' id='word_1_17' title='bbox 658 508 709 563; x_wconf 86' lang='lat' dir='ltr'>tua</span> <span class='ocrx_word' id='word_1_18' title='bbox 730 505 797 564; x_wconf 87' lang='lat' dir='ltr'>iura</span> <span class='ocrx_word' id='word_1_19' title='bbox 817 506 927 566; x_wconf 86' lang='lat' dir='ltr'>ssuent:</span> 
     </span>
     <span class='ocr_line' id='line_1_4' title="bbox 62 586 986 671; baseline -0.005 -21"><span class='ocrx_word' id='word_1_20' title='bbox 62 598 64 603; x_wconf 88' lang='lat'>&#39;</span> <span class='ocrx_word' id='word_1_21' title='bbox 157 604 169 642; x_wconf 64' lang='grc' dir='ltr'>ὅ</span> <span class='ocrx_word' id='word_1_22' title='bbox 192 588 274 663; x_wconf 87' lang='lat' dir='ltr'>Sera,</span> <span class='ocrx_word' id='word_1_23' title='bbox 296 586 353 650; x_wconf 89' lang='lat' dir='ltr'>sed</span> <span class='ocrx_word' id='word_1_24' title='bbox 371 586 520 648; x_wconf 80' lang='lat' dir='ltr'>Ausoniis</span> <span class='ocrx_word' id='word_1_25' title='bbox 544 587 649 648; x_wconf 87' lang='lat' dir='ltr'>veniet</span> <span class='ocrx_word' id='word_1_26' title='bbox 669 589 825 671; x_wconf 71' lang='lat' dir='ltr'>prouincia</span> <span class='ocrx_word' id='word_1_27' title='bbox 845 590 958 668; x_wconf 77' lang='lat' dir='ltr'>uirgis:</span> <span class='ocrx_word' id='word_1_28' title='bbox 980 622 986 645; x_wconf 81' lang='lat' dir='ltr'>t</span> 
     </span>
     <span class='ocr_line' id='line_1_5' title="bbox 222 667 901 756; baseline 0.001 -21"><span class='ocrx_word' id='word_1_29' title='bbox 222 670 415 735; x_wconf 80' lang='lat' dir='ltr'>Adsuescent</span> <span class='ocrx_word' id='word_1_30' title='bbox 434 667 525 733; x_wconf 85' lang='lat' dir='ltr'>Latio</span> <span class='ocrx_word' id='word_1_31' title='bbox 547 670 659 732; x_wconf 86' lang='lat' dir='ltr'>Partha</span> <span class='ocrx_word' id='word_1_32' title='bbox 679 685 803 756; x_wconf 88' lang='lat' dir='ltr'>tropaea</span> <span class='ocrx_word' id='word_1_33' title='bbox 822 670 901 736; x_wconf 79' lang='lat' dir='ltr'>Iovi.</span> 
     </span>
     <span class='ocr_line' id='line_1_6' title="bbox 179 757 944 843; baseline 0.001 -24"><span class='ocrx_word' id='word_1_34' title='bbox 179 757 225 819; x_wconf 86' lang='lat' dir='ltr'>lte</span> <span class='ocrx_word' id='word_1_35' title='bbox 246 758 335 836; x_wconf 82' lang='lat' dir='ltr'>agite,</span> <span class='ocrx_word' id='word_1_36' title='bbox 356 765 499 839; x_wconf 81' lang='lat' dir='ltr'>expertae</span> <span class='ocrx_word' id='word_1_37' title='bbox 520 757 603 817; x_wconf 91' lang='lat' dir='ltr'>bello</span> <span class='ocrx_word' id='word_1_38' title='bbox 624 757 695 818; x_wconf 87' lang='lat' dir='ltr'>date</span> <span class='ocrx_word' id='word_1_39' title='bbox 713 758 807 819; x_wconf 89' lang='lat' dir='ltr'>lintea</span> <span class='ocrx_word' id='word_1_40' title='bbox 826 778 944 843; x_wconf 87' lang='lat' dir='ltr'>prorae,</span> 
     </span>
     <span class='ocr_line' id='line_1_7' title="bbox 220 839 1037 927; baseline 0.006 -25"><span class='ocrx_word' id='word_1_41' title='bbox 220 839 260 902; x_wconf 89' lang='lat' dir='ltr'>Et</span> <span class='ocrx_word' id='word_1_42' title='bbox 280 842 406 903; x_wconf 86' lang='lat' dir='ltr'>solitum</span> <span class='ocrx_word' id='word_1_43' title='bbox 425 840 568 918; x_wconf 82' lang='lat' dir='ltr'>armigeri</span> <span class='ocrx_word' id='word_1_44' title='bbox 588 839 688 902; x_wconf 83' lang='lat' dir='ltr'>ducite</span> <span class='ocrx_word' id='word_1_45' title='bbox 708 860 822 903; x_wconf 87' lang='lat' dir='ltr'>munus</span> <span class='ocrx_word' id='word_1_46' title='bbox 843 844 927 927; x_wconf 84' lang='lat' dir='ltr'>equi.</span> <span class='ocrx_word' id='word_1_47' title='bbox 1033 912 1037 919; x_wconf 65' lang='grc'>,</span> 
     </span>
     <span class='ocr_line' id='line_1_8' title="bbox 180 922 993 1013; baseline 0.004 -26"><span class='ocrx_word' id='word_1_48' title='bbox 180 923 294 987; x_wconf 85' lang='lat' dir='ltr'>Omina</span> <span class='ocrx_word' id='word_1_49' title='bbox 314 929 415 987; x_wconf 74' lang='lat' dir='ltr'>{austu</span> <span class='ocrx_word' id='word_1_50' title='bbox 433 944 518 987; x_wconf 89' lang='lat' dir='ltr'>cano.</span> <span class='ocrx_word' id='word_1_51' title='bbox 547 922 672 988; x_wconf 80' lang='lat' dir='ltr'>Crassos</span> <span class='ocrx_word' id='word_1_52' title='bbox 694 925 872 1010; x_wconf 78' lang='lat' dir='ltr'>clademque</span> <span class='ocrx_word' id='word_1_53' title='bbox 893 929 993 1013; x_wconf 85' lang='lat' dir='ltr'>piate:</span> 
     </span>
     <span class='ocr_line' id='line_1_9' title="bbox 143 1007 845 1073; baseline 0 -2"><span class='ocrx_word' id='word_1_54' title='bbox 143 1021 171 1062; x_wconf 69' lang='lat'>¹1¹</span> <span class='ocrx_word' id='word_1_55' title='bbox 222 1008 268 1072; x_wconf 90' lang='lat' dir='ltr'>Ite</span> <span class='ocrx_word' id='word_1_56' title='bbox 288 1021 319 1072; x_wconf 89' lang='lat' dir='ltr'>et</span> <span class='ocrx_word' id='word_1_57' title='bbox 339 1007 499 1070; x_wconf 84' lang='lat' dir='ltr'>Romanae</span> <span class='ocrx_word' id='word_1_58' title='bbox 523 1011 673 1073; x_wconf 89' lang='lat' dir='ltr'>consulite</span> <span class='ocrx_word' id='word_1_59' title='bbox 690 1011 845 1073; x_wconf 84' lang='lat' dir='ltr'>historiae.</span> 
     </span>
     <span class='ocr_line' id='line_1_10' title="bbox 179 1094 946 1178; baseline 0 -21"><span class='ocrx_word' id='word_1_60' title='bbox 179 1094 262 1157; x_wconf 87' lang='lat' dir='ltr'>Mars</span> <span class='ocrx_word' id='word_1_61' title='bbox 282 1104 415 1178; x_wconf 88' lang='lat' dir='ltr'>pateret</span> <span class='ocrx_word' id='word_1_62' title='bbox 434 1114 537 1155; x_wconf 86' lang='lat' dir='ltr'>sacrae</span> <span class='ocrx_word' id='word_1_63' title='bbox 557 1094 662 1156; x_wconf 80' lang='lat' dir='ltr'>fatalia</span> <span class='ocrx_word' id='word_1_64' title='bbox 684 1096 800 1156; x_wconf 90' lang='lat' dir='ltr'>lumina</span> <span class='ocrx_word' id='word_1_65' title='bbox 822 1095 946 1172; x_wconf 81' lang='lat' dir='ltr'>Vestae,</span> 
     </span>
     <span class='ocr_line' id='line_1_11' title="bbox 219 1178 909 1264; baseline 0.001 -23"><span class='ocrx_word' id='word_1_66' title='bbox 219 1178 304 1241; x_wconf 81' lang='lat' dir='ltr'>Anto</span> <span class='ocrx_word' id='word_1_67' title='bbox 321 1199 410 1241; x_wconf 89' lang='lat' dir='ltr'>meos</span> <span class='ocrx_word' id='word_1_68' title='bbox 431 1178 532 1241; x_wconf 86' lang='lat' dir='ltr'>obitus</span> <span class='ocrx_word' id='word_1_69' title='bbox 551 1178 600 1256; x_wconf 88' lang='lat' dir='ltr'>sit,</span> <span class='ocrx_word' id='word_1_70' title='bbox 622 1200 736 1264; x_wconf 80' lang='lat' dir='ltr'>precor,</span> <span class='ocrx_word' id='word_1_71' title='bbox 758 1181 811 1242; x_wconf 90' lang='lat' dir='ltr'>illa</span> <span class='ocrx_word' id='word_1_72' title='bbox 834 1179 909 1259; x_wconf 89' lang='lat' dir='ltr'>dies,</span> 
     </span>
     <span class='ocr_line' id='line_1_12' title="bbox 181 1260 1057 1347; baseline 0.007 -24"><span class='ocrx_word' id='word_1_73' title='bbox 181 1260 252 1343; x_wconf 83' lang='lat' dir='ltr'>Qua</span> <span class='ocrx_word' id='word_1_74' title='bbox 274 1263 400 1328; x_wconf 83' lang='lat' dir='ltr'>videam</span> <span class='ocrx_word' id='word_1_75' title='bbox 420 1263 528 1347; x_wconf 87' lang='lat' dir='ltr'>spoliis</span> <span class='ocrx_word' id='word_1_76' title='bbox 547 1276 690 1327; x_wconf 86' lang='lat' dir='ltr'>oneratos</span> <span class='ocrx_word' id='word_1_77' title='bbox 713 1263 851 1328; x_wconf 82' lang='lat' dir='ltr'>Caesaris</span> <span class='ocrx_word' id='word_1_78' title='bbox 870 1286 957 1339; x_wconf 84' lang='lat' dir='ltr'>axes,</span> <span class='ocrx_word' id='word_1_79' title='bbox 1054 1293 1057 1297; x_wconf 93' lang='lat'><em>·</em></span> 
     </span>
     <span class='ocr_line' id='line_1_13' title="bbox 220 1347 926 1433; baseline 0.004 -24"><span class='ocrx_word' id='word_1_80' title='bbox 220 1347 274 1410; x_wconf 88' lang='lat' dir='ltr'>Ad</span> <span class='ocrx_word' id='word_1_81' title='bbox 293 1349 379 1427; x_wconf 77' lang='lat' dir='ltr'>vulgi</span> <span class='ocrx_word' id='word_1_82' title='bbox 399 1349 524 1430; x_wconf 87' lang='lat' dir='ltr'>plausus</span> <span class='ocrx_word' id='word_1_83' title='bbox 543 1367 635 1432; x_wconf 87' lang='lat' dir='ltr'>saepo</span> <span class='ocrx_word' id='word_1_84' title='bbox 655 1349 798 1411; x_wconf 86' lang='lat' dir='ltr'>resistere</span> <span class='ocrx_word' id='word_1_85' title='bbox 819 1370 926 1433; x_wconf 89' lang='lat' dir='ltr'>equos,</span> 
     </span>
     <span class='ocr_line' id='line_1_14' title="bbox 145 1430 888 1518; baseline 0.004 -24"><span class='ocrx_word' id='word_1_86' title='bbox 145 1445 170 1488; x_wconf 85' lang='lat'>1⁵</span> <span class='ocrx_word' id='word_1_87' title='bbox 181 1430 218 1494; x_wconf 89' lang='lat' dir='ltr'>In</span> <span class='ocrx_word' id='word_1_88' title='bbox 240 1454 280 1495; x_wconf 87' lang='lat' dir='ltr'>ue</span> <span class='ocrx_word' id='word_1_89' title='bbox 300 1433 369 1495; x_wconf 90' lang='lat' dir='ltr'>sinu</span> <span class='ocrx_word' id='word_1_90' title='bbox 392 1452 477 1494; x_wconf 88' lang='lat' dir='ltr'>carae</span> <span class='ocrx_word' id='word_1_91' title='bbox 497 1433 590 1494; x_wconf 87' lang='lat' dir='ltr'>nixus</span> <span class='ocrx_word' id='word_1_92' title='bbox 609 1446 746 1517; x_wconf 89' lang='lat' dir='ltr'>spectare</span> <span class='ocrx_word' id='word_1_93' title='bbox 766 1437 888 1518; x_wconf 88' lang='lat' dir='ltr'>puellae</span> 
     </span>
     <span class='ocr_line' id='line_1_15' title="bbox 136 1453 923 1602; baseline -0.001 -22"><span class='ocrx_word' id='word_1_94' title='bbox 136 1588 142 1597; x_wconf 54' lang='grc'>,</span> <span class='ocrx_word' id='word_1_95' title='bbox 220 1453 381 1601; x_wconf 63' lang='lat' dir='ltr'>incipiam,</span> <span class='ocrx_word' id='word_1_96' title='bbox 404 1528 436 1578; x_wconf 86' lang='lat' dir='ltr'>et</span> <span class='ocrx_word' id='word_1_97' title='bbox 454 1516 550 1581; x_wconf 89' lang='lat' dir='ltr'>titulis</span> <span class='ocrx_word' id='word_1_98' title='bbox 571 1518 684 1602; x_wconf 85' lang='lat' dir='ltr'>oppida</span> <span class='ocrx_word' id='word_1_99' title='bbox 705 1531 791 1602; x_wconf 87' lang='lat' dir='ltr'>capta</span> <span class='ocrx_word' id='word_1_100' title='bbox 811 1521 923 1599; x_wconf 83' lang='lat' dir='ltr'>legam,</span> 
     </span>
     <span class='ocr_line' id='line_1_16' title="bbox 179 1600 916 1685; baseline 0.001 -20"><span class='ocrx_word' id='word_1_101' title='bbox 179 1600 257 1665; x_wconf 87' lang='lat' dir='ltr'>Tela</span> <span class='ocrx_word' id='word_1_102' title='bbox 276 1602 484 1685; x_wconf 58' lang='lat' dir='ltr'>fugacls‘equi</span> <span class='ocrx_word' id='word_1_103' title='bbox 504 1614 535 1663; x_wconf 91' lang='lat' dir='ltr'>et</span> <span class='ocrx_word' id='word_1_104' title='bbox 555 1603 682 1666; x_wconf 85' lang='lat' dir='ltr'>braccati</span> <span class='ocrx_word' id='word_1_105' title='bbox 701 1604 809 1666; x_wconf 86' lang='lat' dir='ltr'>militis</span> <span class='ocrx_word' id='word_1_106' title='bbox 831 1624 916 1666; x_wconf 87' lang='lat' dir='ltr'>arcus</span> 
     </span>
     <span class='ocr_line' id='line_1_17' title="bbox 222 1687 871 1771; baseline 0.006 -23"><span class='ocrx_word' id='word_1_107' title='bbox 222 1687 262 1748; x_wconf 86' lang='lat' dir='ltr'>Et</span> <span class='ocrx_word' id='word_1_108' title='bbox 281 1691 384 1749; x_wconf 89' lang='lat' dir='ltr'>subter</span> <span class='ocrx_word' id='word_1_109' title='bbox 405 1698 507 1771; x_wconf 85' lang='lat' dir='ltr'>captos</span> <span class='ocrx_word' id='word_1_110' title='bbox 532 1707 618 1748; x_wconf 87' lang='lat' dir='ltr'>arma</span> <span class='ocrx_word' id='word_1_111' title='bbox 638 1688 745 1751; x_wconf 87' lang='lat' dir='ltr'>sedere</span> <span class='ocrx_word' id='word_1_112' title='bbox 765 1689 871 1752; x_wconf 88' lang='lat' dir='ltr'>duces.</span> 
     </span>
     <span class='ocr_line' id='line_1_18' title="bbox 179 1770 1103 1857; baseline -0.003 -22"><span class='ocrx_word' id='word_1_113' title='bbox 179 1772 251 1857; x_wconf 86' lang='lat' dir='ltr'>Ipsa</span> <span class='ocrx_word' id='word_1_114' title='bbox 270 1782 357 1831; x_wconf 87' lang='lat' dir='ltr'>tuam</span> <span class='ocrx_word' id='word_1_115' title='bbox 379 1791 467 1832; x_wconf 84' lang='lat' dir='ltr'>serva</span> <span class='ocrx_word' id='word_1_116' title='bbox 488 1773 619 1854; x_wconf 89' lang='lat' dir='ltr'>prolem,</span> <span class='ocrx_word' id='word_1_117' title='bbox 641 1772 768 1847; x_wconf 78' lang='lat' dir='ltr'>Venusr</span> <span class='ocrx_word' id='word_1_118' title='bbox 789 1775 849 1835; x_wconf 90' lang='lat' dir='ltr'>hoc</span> <span class='ocrx_word' id='word_1_119' title='bbox 869 1770 909 1834; x_wconf 91' lang='lat' dir='ltr'>sit</span> <span class='ocrx_word' id='word_1_120' title='bbox 927 1772 959 1832; x_wconf 89' lang='lat' dir='ltr'>in</span> <span class='ocrx_word' id='word_1_121' title='bbox 983 1790 1103 1848; x_wconf 80' lang='lat' dir='ltr'>aerum,</span> 
     </span>
     <span class='ocr_line' id='line_1_19' title="bbox 147 1849 936 1942; baseline 0.009 -26"><span class='ocrx_word' id='word_1_122' title='bbox 147 1849 174 1887; x_wconf 69' lang='lat'>²⁰</span> <span class='ocrx_word' id='word_1_123' title='bbox 228 1853 333 1916; x_wconf 86' lang='lat' dir='ltr'>Cernis</span> <span class='ocrx_word' id='word_1_124' title='bbox 355 1857 393 1916; x_wconf 91' lang='lat' dir='ltr'>ab</span> <span class='ocrx_word' id='word_1_125' title='bbox 414 1853 525 1916; x_wconf 83' lang='lat' dir='ltr'>Aenea</span> <span class='ocrx_word' id='word_1_126' title='bbox 546 1855 630 1938; x_wconf 90' lang='lat' dir='ltr'>quod</span> <span class='ocrx_word' id='word_1_127' title='bbox 650 1877 812 1942; x_wconf 85' lang='lat' dir='ltr'>superesse</span> <span class='ocrx_word' id='word_1_128' title='bbox 834 1855 936 1939; x_wconf 72' lang='lat' dir='ltr'>caput.</span> 
     </span>
     <span class='ocr_line' id='line_1_20' title="bbox 181 1938 1044 2020; baseline 0.007 -19"><span class='ocrx_word' id='word_1_129' title='bbox 181 1938 302 2001; x_wconf 84' lang='lat' dir='ltr'>Praeda</span> <span class='ocrx_word' id='word_1_130' title='bbox 322 1939 361 2000; x_wconf 87' lang='lat' dir='ltr'>sit</span> <span class='ocrx_word' id='word_1_131' title='bbox 382 1939 549 2016; x_wconf 73' lang='lat' dir='ltr'>saeculis,</span> <span class='ocrx_word' id='word_1_132' title='bbox 572 1960 703 2020; x_wconf 89' lang='lat' dir='ltr'>quorum</span> <span class='ocrx_word' id='word_1_133' title='bbox 723 1962 863 2003; x_wconf 87' lang='lat' dir='ltr'>meruere</span> <span class='ocrx_word' id='word_1_134' title='bbox 882 1943 1018 2003; x_wconf 87' lang='lat' dir='ltr'>labores:</span> <span class='ocrx_word' id='word_1_135' title='bbox 1042 2002 1044 2007; x_wconf 91' lang='lat'><em>.</em></span> 
     </span>
     <span class='ocr_line' id='line_1_21' title="bbox 222 2020 1021 2110; baseline 0.001 -24"><span class='ocrx_word' id='word_1_136' title='bbox 222 2023 276 2086; x_wconf 79' lang='lat' dir='ltr'>Me</span> <span class='ocrx_word' id='word_1_137' title='bbox 297 2034 343 2085; x_wconf 89' lang='lat' dir='ltr'>sat</span> <span class='ocrx_word' id='word_1_138' title='bbox 363 2021 420 2083; x_wconf 90' lang='lat' dir='ltr'>erit</span> <span class='ocrx_word' id='word_1_139' title='bbox 441 2020 533 2086; x_wconf 86' lang='lat' dir='ltr'>Sacra</span> <span class='ocrx_word' id='word_1_140' title='bbox 554 2023 704 2108; x_wconf 83' lang='lat' dir='ltr'>plaudere</span> <span class='ocrx_word' id='word_1_141' title='bbox 723 2046 815 2110; x_wconf 86' lang='lat' dir='ltr'>posse</span> <span class='ocrx_word' id='word_1_142' title='bbox 834 2025 907 2088; x_wconf 86' lang='lat' dir='ltr'>Via.</span> <span class='ocrx_word' id='word_1_143' title='bbox 1017 2086 1021 2095; x_wconf 82' lang='grc'><em>,</em></span> 
     </span>
    </p>
   </div>
   <div class='ocr_carea' id='block_1_3' title="bbox 77 2192 1129 3418">
    <p class='ocr_par' dir='ltr' id='par_1_3' title="bbox 77 2192 1129 3418">
     <span class='ocr_line' id='line_1_22' title="bbox 136 2192 1082 2326; baseline 0.002 -25"><span class='ocrx_word' id='word_1_144' title='bbox 136 2244 157 2309; x_wconf 75' lang='lat' dir='ltr'>b</span> <span class='ocrx_word' id='word_1_145' title='bbox 177 2192 282 2303; x_wconf 80' lang='lat' dir='ltr'>Pacis</span> <span class='ocrx_word' id='word_1_146' title='bbox 300 2238 404 2303; x_wconf 84' lang='lat' dir='ltr'>Amor</span> <span class='ocrx_word' id='word_1_147' title='bbox 422 2237 500 2302; x_wconf 86' lang='lat' dir='ltr'>deus</span> <span class='ocrx_word' id='word_1_148' title='bbox 519 2250 577 2319; x_wconf 85' lang='lat' dir='ltr'>est,</span> <span class='ocrx_word' id='word_1_149' title='bbox 597 2260 705 2326; x_wconf 88' lang='lat' dir='ltr'>pacem</span> <span class='ocrx_word' id='word_1_150' title='bbox 726 2261 911 2304; x_wconf 77' lang='lat' dir='ltr'>veneramur</span> <span class='ocrx_word' id='word_1_151' title='bbox 930 2250 1082 2305; x_wconf 83' lang='lat' dir='ltr'>amantes:</span> 
     </span>
     <span class='ocr_line' id='line_1_23' title="bbox 77 2323 1035 2417; baseline 0.002 -29"><span class='ocrx_word' id='word_1_152' title='bbox 77 2330 80 2334; x_wconf 74' lang='grc'><em>’</em></span> <span class='ocrx_word' id='word_1_153' title='bbox 220 2323 1035 2417; x_wconf 34' lang='grc' dir='ltr'>Μώωωωώωωι</span> 
     </span>
     <span class='ocr_line' id='line_1_24' title="bbox 178 2409 967 2497; baseline -0.001 -22"><span class='ocrx_word' id='word_1_154' title='bbox 178 2412 242 2475; x_wconf 87' lang='lat' dir='ltr'>Nec</span> <span class='ocrx_word' id='word_1_155' title='bbox 261 2423 366 2472; x_wconf 87' lang='lat' dir='ltr'>tamen</span> <span class='ocrx_word' id='word_1_156' title='bbox 386 2409 488 2473; x_wconf 83' lang='lat' dir='ltr'>inviso</span> <span class='ocrx_word' id='word_1_157' title='bbox 509 2423 614 2497; x_wconf 87' lang='lat' dir='ltr'>pectus</span> <span class='ocrx_word' id='word_1_158' title='bbox 635 2414 713 2474; x_wconf 89' lang='lat' dir='ltr'>mihi</span> <span class='ocrx_word' id='word_1_159' title='bbox 733 2413 862 2496; x_wconf 86' lang='lat' dir='ltr'>carpitur</span> <span class='ocrx_word' id='word_1_160' title='bbox 882 2435 967 2492; x_wconf 85' lang='lat' dir='ltr'>auro,</span> 
     </span>
     <span class='ocr_line' id='line_1_25' title="bbox 221 2495 900 2576; baseline 0 -17"><span class='ocrx_word' id='word_1_161' title='bbox 221 2495 285 2559; x_wconf 88' lang='lat' dir='ltr'>Nec</span> <span class='ocrx_word' id='word_1_162' title='bbox 303 2495 380 2557; x_wconf 90' lang='lat' dir='ltr'>bibit</span> <span class='ocrx_word' id='word_1_163' title='bbox 399 2516 423 2557; x_wconf 67' lang='lat' dir='ltr'>e⁴</span> <span class='ocrx_word' id='word_1_164' title='bbox 439 2516 563 2574; x_wconf 83' lang='lat' dir='ltr'>gemma</span> <span class='ocrx_word' id='word_1_165' title='bbox 584 2495 680 2558; x_wconf 82' lang='lat' dir='ltr'>divite</span> <span class='ocrx_word' id='word_1_166' title='bbox 701 2508 803 2559; x_wconf 85' lang='lat' dir='ltr'>nostra</span> <span class='ocrx_word' id='word_1_167' title='bbox 824 2497 900 2576; x_wconf 87' lang='lat' dir='ltr'>sitis,</span> 
     </span>
     <span class='ocr_line' id='line_1_26' title="bbox 152 2578 1045 2664; baseline 0.001 -25"><span class='ocrx_word' id='word_1_168' title='bbox 152 2583 244 2645; x_wconf 79' lang='lat' dir='ltr'>cho</span> <span class='ocrx_word' id='word_1_169' title='bbox 264 2580 341 2640; x_wconf 90' lang='lat' dir='ltr'>mihi</span> <span class='ocrx_word' id='word_1_170' title='bbox 362 2580 449 2641; x_wconf 90' lang='lat' dir='ltr'>mille</span> <span class='ocrx_word' id='word_1_171' title='bbox 468 2581 549 2658; x_wconf 80' lang='lat' dir='ltr'>iugis</span> <span class='ocrx_word' id='word_1_172' title='bbox 570 2578 878 2664; x_wconf 78' lang='lat' dir='ltr'>Campaniapinguis</span> <span class='ocrx_word' id='word_1_173' title='bbox 900 2592 1011 2657; x_wconf 87' lang='lat' dir='ltr'>aratur,</span> <span class='ocrx_word' id='word_1_174' title='bbox 1042 2603 1045 2607; x_wconf 90' lang='lat'>·</span> 
     </span>
     <span class='ocr_line' id='line_1_27' title="bbox 218 2662 1043 2745; baseline 0 -19"><span class='ocrx_word' id='word_1_175' title='bbox 218 2664 282 2726; x_wconf 89' lang='lat' dir='ltr'>Nec</span> <span class='ocrx_word' id='word_1_176' title='bbox 302 2665 397 2724; x_wconf 80' lang='lat' dir='ltr'>miser</span> <span class='ocrx_word' id='word_1_177' title='bbox 415 2682 580 2745; x_wconf 82' lang='lat' dir='ltr'>aera-paro</span> <span class='ocrx_word' id='word_1_178' title='bbox 602 2664 696 2737; x_wconf 84' lang='lat' dir='ltr'>clade,</span> <span class='ocrx_word' id='word_1_179' title='bbox 720 2662 874 2740; x_wconf 88' lang='lat' dir='ltr'>Corinthe,</span> <span class='ocrx_word' id='word_1_180' title='bbox 895 2676 979 2727; x_wconf 89' lang='lat' dir='ltr'>tua.&#39;</span> <span class='ocrx_word' id='word_1_181' title='bbox 1041 2694 1043 2699; x_wconf 59' lang='grc'>’</span> 
     </span>
     <span class='ocr_line' id='line_1_28' title="bbox 180 2744 971 2831; baseline 0.001 -25"><span class='ocrx_word' id='word_1_182' title='bbox 180 2748 332 2831; x_wconf 61' lang='grc' dir='ltr'><strong>ΟῬΥῘΙΜ</strong></span> <span class='ocrx_word' id='word_1_183' title='bbox 349 2745 459 2806; x_wconf 81' lang='lat' dir='ltr'>infelix</span> <span class='ocrx_word' id='word_1_184' title='bbox 477 2745 606 2822; x_wconf 84' lang='lat' dir='ltr'>fingenti</span> <span class='ocrx_word' id='word_1_185' title='bbox 625 2755 703 2805; x_wconf 87' lang='lat' dir='ltr'>terra</span> <span class='ocrx_word' id='word_1_186' title='bbox 723 2744 925 2810; x_wconf 89' lang='lat' dir='ltr'>Prometheo!</span> <span class='ocrx_word' id='word_1_187' title='bbox 969 2802 971 2807; x_wconf 89' lang='lat'>.</span> 
     </span>
     <span class='ocr_line' id='line_1_29' title="bbox 217 2829 852 2916; baseline -0.006 -22"><span class='ocrx_word' id='word_1_188' title='bbox 217 2830 275 2895; x_wconf 89' lang='lat' dir='ltr'>Ille</span> <span class='ocrx_word' id='word_1_189' title='bbox 296 2849 404 2916; x_wconf 88' lang='lat' dir='ltr'>parurn</span> <span class='ocrx_word' id='word_1_190' title='bbox 425 2829 653 2912; x_wconf 21' lang='lat' dir='ltr'>cautilpectoris</span> <span class='ocrx_word' id='word_1_191' title='bbox 673 2829 736 2908; x_wconf 83' lang='lat' dir='ltr'>egit</span> <span class='ocrx_word' id='word_1_192' title='bbox 756 2850 852 2913; x_wconf 90' lang='lat' dir='ltr'>opus:</span> 
     </span>
     <span class='ocr_line' id='line_1_30' title="bbox 178 2912 986 3001; baseline -0.005 -20"><span class='ocrx_word' id='word_1_193' title='bbox 178 2914 312 3001; x_wconf 79' lang='lat' dir='ltr'>Corpora</span> <span class='ocrx_word' id='word_1_194' title='bbox 333 2912 500 2997; x_wconf 86' lang='lat' dir='ltr'>disponens</span> <span class='ocrx_word' id='word_1_195' title='bbox 520 2927 659 2977; x_wconf 89' lang='lat' dir='ltr'>mentem</span> <span class='ocrx_word' id='word_1_196' title='bbox 679 2935 742 2975; x_wconf 87' lang='lat' dir='ltr'>uon</span> <span class='ocrx_word' id='word_1_197' title='bbox 764 2914 841 2976; x_wconf 83' lang='lat' dir='ltr'>vidit</span> <span class='ocrx_word' id='word_1_198' title='bbox 860 2913 893 2974; x_wconf 90' lang='lat' dir='ltr'>in</span> <span class='ocrx_word' id='word_1_199' title='bbox 912 2923 986 2978; x_wconf 85' lang='lat' dir='ltr'>arte.</span> 
     </span>
     <span class='ocr_line' id='line_1_31' title="bbox 143 2997 881 3083; baseline -0.004 -20"><span class='ocrx_word' id='word_1_200' title='bbox 143 2997 186 3054; x_wconf 70' lang='lat'>10&#39;</span> <span class='ocrx_word' id='word_1_201' title='bbox 222 2999 316 3065; x_wconf 87' lang='lat' dir='ltr'>Recta</span> <span class='ocrx_word' id='word_1_202' title='bbox 337 2999 432 3060; x_wconf 76' lang='lat' dir='ltr'>annui</span> <span class='ocrx_word' id='word_1_203' title='bbox 451 2999 586 3083; x_wconf 88' lang='lat' dir='ltr'>primum</span> <span class='ocrx_word' id='word_1_204' title='bbox 608 2998 713 3061; x_wconf 88' lang='lat' dir='ltr'>debuit</span> <span class='ocrx_word' id='word_1_205' title='bbox 730 3020 799 3062; x_wconf 88' lang='lat' dir='ltr'>esse</span> <span class='ocrx_word' id='word_1_206' title='bbox 819 2999 881 3062; x_wconf 78' lang='lat' dir='ltr'>via.</span> 
     </span>
     <span class='ocr_line' id='line_1_32' title="bbox 176 3083 1072 3165; baseline -0.001 -18"><span class='ocrx_word' id='word_1_207' title='bbox 176 3085 264 3148; x_wconf 85' lang='lat' dir='ltr'>Nunc</span> <span class='ocrx_word' id='word_1_208' title='bbox 283 3085 377 3147; x_wconf 87' lang='lat' dir='ltr'>maris</span> <span class='ocrx_word' id='word_1_209' title='bbox 396 3085 430 3146; x_wconf 91' lang='lat' dir='ltr'>in</span> <span class='ocrx_word' id='word_1_210' title='bbox 449 3095 568 3146; x_wconf 87' lang='lat' dir='ltr'>tanturn</span> <span class='ocrx_word' id='word_1_211' title='bbox 585 3094 679 3146; x_wconf 85' lang='lat' dir='ltr'>vento</span> <span class='ocrx_word' id='word_1_212' title='bbox 698 3083 853 3162; x_wconf 83' lang='lat' dir='ltr'>iactamur,</span> <span class='ocrx_word' id='word_1_213' title='bbox 875 3094 907 3145; x_wconf 90' lang='lat' dir='ltr'>et</span> <span class='ocrx_word' id='word_1_214' title='bbox 926 3083 1050 3146; x_wconf 87' lang='lat' dir='ltr'>hostem</span> <span class='ocrx_word' id='word_1_215' title='bbox 1067 3156 1072 3165; x_wconf 30' lang='grc' dir='ltr'><strong><em>Ι</em></strong></span> 
     </span>
     <span class='ocr_line' id='line_1_33' title="bbox 213 3168 1129 3251; baseline -0.002 -20"><span class='ocrx_word' id='word_1_216' title='bbox 213 3168 408 3248; x_wconf 86' lang='lat' dir='ltr'>Quaerimus,</span> <span class='ocrx_word' id='word_1_217' title='bbox 431 3178 521 3251; x_wconf 88' lang='lat' dir='ltr'>atque</span> <span class='ocrx_word' id='word_1_218' title='bbox 542 3170 635 3233; x_wconf 88' lang='lat' dir='ltr'>armis</span> <span class='ocrx_word' id='word_1_219' title='bbox 655 3169 803 3233; x_wconf 88' lang='lat' dir='ltr'>nectimus</span> <span class='ocrx_word' id='word_1_220' title='bbox 823 3189 908 3231; x_wconf 88' lang='lat' dir='ltr'>arrua</span> <span class='ocrx_word' id='word_1_221' title='bbox 928 3187 1021 3231; x_wconf 79' lang='lat' dir='ltr'>noua.</span> <span class='ocrx_word' id='word_1_222' title='bbox 1125 3212 1129 3218; x_wconf 86' lang='lat'><em>-</em></span> 
     </span>
     <span class='ocr_line' id='line_1_34' title="bbox 174 3251 1013 3337; baseline -0.002 -21"><span class='ocrx_word' id='word_1_223' title='bbox 174 3255 266 3316; x_wconf 87' lang='lat' dir='ltr'>Haud</span> <span class='ocrx_word' id='word_1_224' title='bbox 286 3254 364 3316; x_wconf 78' lang='lat' dir='ltr'>uillas</span> <span class='ocrx_word' id='word_1_225' title='bbox 385 3252 519 3337; x_wconf 85' lang='lat' dir='ltr'>portabis</span> <span class='ocrx_word' id='word_1_226' title='bbox 539 3258 618 3337; x_wconf 86' lang='lat' dir='ltr'>opes&#39;</span> <span class='ocrx_word' id='word_1_227' title='bbox 634 3251 818 3317; x_wconf 80' lang='lat' dir='ltr'>Acherontis</span> <span class='ocrx_word' id='word_1_228' title='bbox 838 3253 878 3316; x_wconf 87' lang='lat' dir='ltr'>ad</span> <span class='ocrx_word' id='word_1_229' title='bbox 898 3253 1013 3317; x_wconf 80' lang='lat' dir='ltr'>undasr</span> 
     </span>
     <span class='ocr_line' id='line_1_35' title="bbox 217 3335 916 3418; baseline 0 -18"><span class='ocrx_word' id='word_1_230' title='bbox 217 3336 325 3403; x_wconf 83' lang='lat' dir='ltr'>Nudus</span> <span class='ocrx_word' id='word_1_231' title='bbox 342 3335 382 3399; x_wconf 82' lang='lat' dir='ltr'>ad</span> <span class='ocrx_word' id='word_1_232' title='bbox 405 3338 550 3418; x_wconf 80' lang='lat' dir='ltr'>infernas,</span> <span class='ocrx_word' id='word_1_233' title='bbox 569 3338 671 3416; x_wconf 86' lang='lat' dir='ltr'>stulte,</span> <span class='ocrx_word' id='word_1_234' title='bbox 691 3341 806 3402; x_wconf 80' lang='lat' dir='ltr'>vehere</span> <span class='ocrx_word' id='word_1_235' title='bbox 825 3349 916 3402; x_wconf 86' lang='lat' dir='ltr'>rates.</span> 
     </span>
    </p>
   </div>
   <div class='ocr_carea' id='block_1_4' title="bbox 90 3518 1142 4016">
    <p class='ocr_par' dir='ltr' id='par_1_4' title="bbox 96 3518 1142 3809">
     <span class='ocr_line' id='line_1_36' title="bbox 163 3518 1142 3608; baseline -0.006 -15"><span class='ocrx_word' id='word_1_236' title='bbox 163 3536 197 3607; x_wconf 76' lang='lat'>4,</span> <span class='ocrx_word' id='word_1_237' title='bbox 221 3532 247 3588; x_wconf 80' lang='lat'>6·</span> <span class='ocrx_word' id='word_1_238' title='bbox 290 3543 349 3591; x_wconf 80' lang='lat' dir='ltr'>arta</span> <span class='ocrx_word' id='word_1_239' title='bbox 364 3531 417 3590; x_wconf 82' lang='lat' dir='ltr'>Gr.</span> <span class='ocrx_word' id='word_1_240' title='bbox 516 3533 635 3608; x_wconf 76' lang='lat' dir='ltr'>trophos</span> <span class='ocrx_word' id='word_1_241' title='bbox 653 3532 719 3590; x_wconf 75' lang='lat' dir='ltr'>Ga.</span> <span class='ocrx_word' id='word_1_242' title='bbox 819 3549 844 3603; x_wconf 85' lang='grc'>9.</span> <span class='ocrx_word' id='word_1_243' title='bbox 868 3532 970 3588; x_wconf 76' lang='lat' dir='ltr'>Omnis</span> <span class='ocrx_word' id='word_1_244' title='bbox 996 3532 1086 3587; x_wconf 77' lang='lat' dir='ltr'>fauste</span> <span class='ocrx_word' id='word_1_245' title='bbox 1102 3518 1142 3587; x_wconf 47' lang='lat' dir='ltr'>rs</span> 
     </span>
     <span class='ocr_line' id='line_1_37' title="bbox 130 3598 1127 3673; baseline -0.004 -14"><span class='ocrx_word' id='word_1_246' title='bbox 130 3605 226 3663; x_wconf 80' lang='lat' dir='ltr'>classes</span> <span class='ocrx_word' id='word_1_247' title='bbox 278 3647 286 3664; x_wconf 89' lang='lat'><strong>.</strong></span> <span class='ocrx_word' id='word_1_248' title='bbox 358 3601 499 3673; x_wconf 75' lang='lat' dir='ltr'>cladesque</span> <span class='ocrx_word' id='word_1_249' title='bbox 515 3604 552 3660; x_wconf 78' lang='lat' dir='ltr'>lt.</span> <span class='ocrx_word' id='word_1_250' title='bbox 634 3617 674 3657; x_wconf 80' lang='lat' dir='ltr'>rr.</span> <span class='ocrx_word' id='word_1_251' title='bbox 690 3601 786 3658; x_wconf 78' lang='lat' dir='ltr'>limine</span> <span class='ocrx_word' id='word_1_252' title='bbox 804 3599 883 3670; x_wconf 64' lang='lat' dir='ltr'>Rus·</span> <span class='ocrx_word' id='word_1_253' title='bbox 900 3603 1006 3656; x_wconf 72' lang='lat' dir='ltr'>lumina</span> <span class='ocrx_word' id='word_1_254' title='bbox 1023 3598 1059 3668; x_wconf 86' lang='lat' dir='ltr'>P,</span> <span class='ocrx_word' id='word_1_255' title='bbox 1074 3620 1127 3659; x_wconf 77' lang='lat' dir='ltr'>rur,-</span> 
     </span>
     <span class='ocr_line' id='line_1_38' title="bbox 96 3664 1126 3743; baseline -0.003 -15"><span class='ocrx_word' id='word_1_256' title='bbox 96 3676 171 3729; x_wconf 78' lang='lat' dir='ltr'>uriua</span> <span class='ocrx_word' id='word_1_257' title='bbox 186 3676 223 3730; x_wconf 86' lang='lat' dir='ltr'>G.</span> <span class='ocrx_word' id='word_1_258' title='bbox 314 3686 355 3742; x_wconf 66' lang='grc' dir='ltr'>ιγ.</span> <span class='ocrx_word' id='word_1_259' title='bbox 371 3669 473 3726; x_wconf 81' lang='lat' dir='ltr'>bracati</span> <span class='ocrx_word' id='word_1_260' title='bbox 491 3670 528 3734; x_wconf 78' lang='lat'>0,</span> <span class='ocrx_word' id='word_1_261' title='bbox 544 3667 667 3727; x_wconf 80' lang='lat' dir='ltr'>brachsti</span> <span class='ocrx_word' id='word_1_262' title='bbox 683 3669 721 3728; x_wconf 76' lang='lat' dir='ltr'>ll.</span> <span class='ocrx_word' id='word_1_263' title='bbox 811 3685 853 3741; x_wconf 77' lang='lat'>²⁹·</span> <span class='ocrx_word' id='word_1_264' title='bbox 871 3671 978 3743; x_wconf 79' lang='lat' dir='ltr'>prolem</span> <span class='ocrx_word' id='word_1_265' title='bbox 995 3686 1072 3724; x_wconf 82' lang='lat' dir='ltr'>serva</span> <span class='ocrx_word' id='word_1_266' title='bbox 1090 3664 1126 3725; x_wconf 74' lang='lat' dir='ltr'>R.</span> 
     </span>
     <span class='ocr_line' id='line_1_39' title="bbox 130 3737 766 3809; baseline -0.003 -12"><span class='ocrx_word' id='word_1_267' title='bbox 130 3737 289 3798; x_wconf 64' lang='lat' dir='ltr'>rustili.</span> <span class='ocrx_word' id='word_1_268' title='bbox 354 3740 494 3805; x_wconf 74' lang='lat' dir='ltr'>mediall,</span> <span class='ocrx_word' id='word_1_269' title='bbox 507 3737 624 3809; x_wconf 67' lang='lat' dir='ltr'>fisum</span> <span class='ocrx_word' id='word_1_270' title='bbox 641 3739 673 3805; x_wconf 77' lang='grc' dir='ltr'>Ρ,</span> <span class='ocrx_word' id='word_1_271' title='bbox 763 3791 766 3795; x_wconf 89' lang='grc'><em>,</em></span> 
     </span>
    </p>

    <p class='ocr_par' dir='ltr' id='par_1_5' title="bbox 90 3802 1123 4016">
     <span class='ocr_line' id='line_1_40' title="bbox 101 3802 1123 3879; baseline -0.01 -16"><span class='ocrx_word' id='word_1_272' title='bbox 101 3834 104 3840; x_wconf 93' lang='lat'>·</span> <span class='ocrx_word' id='word_1_273' title='bbox 161 3811 189 3879; x_wconf 82' lang='lat'>5,</span> <span class='ocrx_word' id='word_1_274' title='bbox 208 3830 232 3864; x_wconf 86' lang='lat' dir='ltr'>r.</span> <span class='ocrx_word' id='word_1_275' title='bbox 248 3820 289 3861; x_wconf 85' lang='lat' dir='ltr'>cst</span> <span class='ocrx_word' id='word_1_276' title='bbox 304 3824 348 3860; x_wconf 88' lang='lat' dir='ltr'>om</span> <span class='ocrx_word' id='word_1_277' title='bbox 367 3807 404 3869; x_wconf 82' lang='lat' dir='ltr'>G.</span> <span class='ocrx_word' id='word_1_278' title='bbox 468 3813 494 3873; x_wconf 69' lang='grc' dir='ltr'>ὅ.</span> <span class='ocrx_word' id='word_1_279' title='bbox 512 3808 576 3862; x_wconf 90' lang='lat' dir='ltr'>Nou</span> <span class='ocrx_word' id='word_1_280' title='bbox 587 3808 625 3863; x_wconf 79' lang='lat' dir='ltr'>G.</span> <span class='ocrx_word' id='word_1_281' title='bbox 689 3806 716 3865; x_wconf 83' lang='lat'>6.</span> <span class='ocrx_word' id='word_1_282' title='bbox 734 3821 794 3861; x_wconf 82' lang='lat' dir='ltr'>aere</span> <span class='ocrx_word' id='word_1_283' title='bbox 811 3804 848 3871; x_wconf 85' lang='lat' dir='ltr'>N,</span> <span class='ocrx_word' id='word_1_284' title='bbox 865 3804 904 3858; x_wconf 85' lang='lat' dir='ltr'>ire</span> <span class='ocrx_word' id='word_1_285' title='bbox 919 3823 942 3857; x_wconf 81' lang='lat' dir='ltr'>r.</span> <span class='ocrx_word' id='word_1_286' title='bbox 1008 3802 1093 3861; x_wconf 72' lang='lat' dir='ltr'>classe</span> <span class='ocrx_word' id='word_1_287' title='bbox 1102 3822 1123 3877; x_wconf 63' lang='lat' dir='ltr'>r.</span> 
     </span>
     <span class='ocr_line' id='line_1_41' title="bbox 109 3870 1063 3949; baseline -0.008 -14"><span class='ocrx_word' id='word_1_288' title='bbox 109 3900 153 3949; x_wconf 84' lang='lat'>·7.</span> <span class='ocrx_word' id='word_1_289' title='bbox 182 3876 318 3947; x_wconf 74' lang='lat' dir='ltr'>frangenti</span> <span class='ocrx_word' id='word_1_290' title='bbox 342 3881 380 3934; x_wconf 80' lang='lat' dir='ltr'>N.</span> <span class='ocrx_word' id='word_1_291' title='bbox 492 3876 654 3948; x_wconf 80' lang='lat' dir='ltr'>prometheo</span> <span class='ocrx_word' id='word_1_292' title='bbox 679 3875 719 3946; x_wconf 77' lang='lat' dir='ltr'>G,</span> <span class='ocrx_word' id='word_1_293' title='bbox 823 3875 849 3929; x_wconf 89' lang='lat'>8.</span> <span class='ocrx_word' id='word_1_294' title='bbox 877 3888 995 3946; x_wconf 76' lang='lat' dir='ltr'>paurum</span> <span class='ocrx_word' id='word_1_295' title='bbox 1023 3870 1063 3947; x_wconf 73' lang='lat' dir='ltr'>G.</span> 
     </span>
     <span class='ocr_line' id='line_1_42' title="bbox 90 3951 225 4016; baseline 0.007 -14"><span class='ocrx_word' id='word_1_296' title='bbox 90 3956 171 4006; x_wconf 81' lang='lat' dir='ltr'>eante</span> <span class='ocrx_word' id='word_1_297' title='bbox 186 3951 225 4016; x_wconf 78' lang='grc' dir='ltr'>Ν,</span> 
     </span>
    </p>
   </div>
   <div class='ocr_carea' id='block_1_5' title="bbox 0 0 1250 4358">
    <p class='ocr_par' dir='ltr' id='par_1_6' title="bbox 0 0 1250 4358">
     <span class='ocr_line' id='line_1_43' title="bbox 0 0 1250 4358; baseline 0 0"><span class='ocrx_word' id='word_1_298' title='bbox 0 0 1250 4358; x_wconf 95' lang='lat' dir='ltr'> </span> 
     </span>
    </p>
   </div>
  </div>
 </body>
</html>
